date,hour,sales,profit,region,state,category,type,caffeination
1/31/2010,0,219,94,Central,CO,Coffee,Amaretto,Regular
1/31/2010,1,190,68,Central,CO,Coffee,Columbian,Regular
1/8/2010,2,234,101,Central,CO,Coffee,Decaf Irish Cream,Decaf
1/20/2010,3,100,30,Central,CO,Tea,Green Tea,Regular
1/23/2010,4,134,54,Central,CO,Espresso,Caffe Mocha,Regular
1/16/2010,5,180,53,Central,CO,Espresso,Decaf Espresso,Decaf
1/27/2010,6,341,99,Central,CO,Herbal Tea,Chamomile,Decaf
1/6/2010,7,150,0,Central,CO,Herbal Tea,Lemon,Decaf
1/4/2010,8,140,33,Central,CO,Herbal Tea,Mint,Decaf
1/1/2010,9,130,17,Central,CO,Tea,Darjeeling,Regular
1/5/2010,10,140,36,Central,CO,Tea,Earl Grey,Regular
1/17/2010,11,345,111,Central,IL,Coffee,Columbian,Regular
1/16/2010,12,234,87,Central,IL,Coffee,Decaf Irish Cream,Decaf
1/12/2010,13,546,203,Central,IL,Espresso,Caffe Mocha,Regular
1/10/2010,14,456,140,Central,IL,Espresso,Decaf Espresso,Decaf
1/1/2010,15,219,95,Central,IL,Herbal Tea,Chamomile,Decaf
1/26/2010,16,190,68,Central,IL,Herbal Tea,Lemon,Decaf
1/20/2010,17,234,101,Central,IL,Herbal Tea,Mint,Decaf
1/14/2010,18,134,53,Central,IL,Tea,Darjeeling,Regular
1/8/2010,19,180,54,Central,IL,Tea,Earl Grey,Regular
1/25/2010,20,45,11,Central,IA,Coffee,Amaretto,Regular
1/26/2010,21,62,5,Central,IA,Coffee,Columbian,Regular
1/27/2010,22,54,12,Central,IA,Coffee,Decaf Irish Cream,Decaf
1/15/2010,23,43,11,Central,IA,Espresso,Caffe Mocha,Regular
1/31/2010,6,43,10,Central,IA,Espresso,Decaf Espresso,Decaf
1/27/2010,7,546,202,Central,IA,Herbal Tea,Chamomile,Decaf
1/3/2010,8,234,86,Central,IA,Herbal Tea,Lemon,Decaf
1/8/2010,9,456,141,Central,IA,Tea,Darjeeling,Regular
1/26/2010,10,546,175,Central,IA,Tea,Earl Grey,Regular
1/13/2010,11,190,39,Central,MO,Coffee,Columbian,Regular
1/15/2010,12,170,47,Central,MO,Coffee,Decaf Irish Cream,Decaf
1/30/2010,13,76,4,Central,MO,Tea,Green Tea,Regular
1/30/2010,14,123,48,Central,MO,Espresso,Caffe Mocha,Regular
1/24/2010,15,114,45,Central,MO,Espresso,Decaf Espresso,Decaf
1/18/2010,16,90,11,Central,MO,Herbal Tea,Chamomile,Decaf
1/29/2010,17,99,39,Central,MO,Herbal Tea,Lemon,Decaf
1/16/2010,18,82,9,Central,MO,Tea,Darjeeling,Regular
1/6/2010,19,65,9,Central,MO,Tea,Earl Grey,Regular
1/11/2010,14,140,34,Central,OH,Coffee,Amaretto,Regular
1/10/2010,15,140,42,Central,OH,Coffee,Columbian,Regular
1/18/2010,16,150,0,Central,OH,Coffee,Decaf Irish Cream,Decaf
1/3/2010,17,200,67,Central,OH,Tea,Earl Grey,Regular
1/3/2010,18,130,16,Central,OH,Espresso,Decaf Espresso,Decaf
1/6/2010,19,341,99,Central,OH,Espresso,Caffe Mocha,Regular
1/30/2010,20,80,29,Central,OH,Herbal Tea,Chamomile,Decaf
1/26/2010,21,80,29,Central,OH,Herbal Tea,Lemon,Decaf
1/23/2010,22,210,68,Central,OH,Tea,Darjeeling,Regular
1/31/2010,23,120,13,Central,WI,Coffee,Amaretto,Regular
1/31/2010,0,190,9,Central,WI,Coffee,Columbian,Regular
1/31/2010,1,180,51,Central,WI,Coffee,Decaf Irish Cream,Decaf
1/5/2010,2,180,7,Central,WI,Tea,Earl Grey,Regular
1/30/2010,3,110,34,Central,WI,Espresso,Decaf Espresso,Decaf
1/17/2010,4,150,38,Central,WI,Espresso,Caffe Mocha,Regular
1/3/2010,5,180,70,Central,WI,Herbal Tea,Chamomile,Decaf
1/10/2010,6,81,28,Central,WI,Herbal Tea,Lemon,Decaf
1/28/2010,7,150,47,Central,WI,Tea,Darjeeling,Regular
1/26/2010,8,123,47,East,CT,Tea,Darjeeling,Regular
1/1/2010,9,94,35,East,CT,Tea,Green Tea,Regular
1/20/2010,10,130,30,East,CT,Espresso,Decaf Espresso,Decaf
1/25/2010,11,180,7,East,CT,Espresso,Caffe Mocha,Regular
1/8/2010,12,310,115,East,CT,Coffee,Columbian,Regular
1/2/2010,13,190,40,East,CT,Herbal Tea,Lemon,Decaf
1/9/2010,6,170,47,East,CT,Herbal Tea,Mint,Decaf
1/4/2010,7,80,28,East,FL,Tea,Darjeeling,Regular
1/15/2010,8,81,28,East,FL,Tea,Green Tea,Regular
1/13/2010,9,180,50,East,FL,Espresso,Decaf Espresso,Decaf
1/12/2010,10,190,9,East,FL,Espresso,Caffe Mocha,Regular
1/28/2010,11,200,67,East,FL,Coffee,Decaf Irish Cream,Decaf
1/14/2010,12,210,68,East,FL,Coffee,Columbian,Regular
1/9/2010,13,110,34,East,FL,Herbal Tea,Chamomile,Decaf
1/2/2010,14,120,13,East,FL,Herbal Tea,Lemon,Decaf
1/7/2010,15,150,39,East,FL,Herbal Tea,Mint,Decaf
1/8/2010,16,80,29,East,MA,Tea,Darjeeling,Regular
1/1/2010,17,80,29,East,MA,Tea,Green Tea,Regular
1/22/2010,18,341,100,East,MA,Espresso,Regular Espresso,Regular
1/1/2010,19,126,23,East,MA,Espresso,Caffe Mocha,Regular
1/19/2010,4,494,367,East,MA,Coffee,Columbian,Regular
1/13/2010,5,130,17,East,MA,Herbal Tea,Lemon,Decaf
1/8/2010,6,45,10,East,NH,Tea,Darjeeling,Regular
1/21/2010,7,43,11,East,NH,Tea,Green Tea,Regular
1/10/2010,8,65,8,East,NH,Espresso,Regular Espresso,Regular
1/4/2010,9,90,10,East,NH,Espresso,Caffe Mocha,Regular
1/17/2010,10,93,20,East,NH,Coffee,Amaretto,Regular
1/6/2010,11,120,25,East,NH,Coffee,Columbian,Regular
1/28/2010,12,76,4,East,NH,Herbal Tea,Lemon,Decaf
1/21/2010,13,234,101,East,NY,Tea,Darjeeling,Regular
1/27/2010,14,219,94,East,NY,Tea,Earl Grey,Regular
1/24/2010,15,134,54,East,NY,Tea,Green Tea,Regular
1/26/2010,16,490,175,East,NY,Espresso,Regular Espresso,Regular
1/20/2010,17,61,172,East,NY,Espresso,Caffe Mocha,Regular
1/23/2010,18,678,262,East,NY,Coffee,Columbian,Regular
1/22/2010,19,483,111,East,NY,Herbal Tea,Lemon,Decaf
1/10/2010,20,180,113,East,NY,Herbal Tea,Mint,Decaf
1/17/2010,21,180,70,South,LA,Espresso,Caffe Mocha,Regular
1/28/2010,22,150,48,South,LA,Espresso,Decaf Espresso,Decaf
1/2/2010,23,112,35,South,LA,Herbal Tea,Chamomile,Decaf
1/16/2010,0,190,40,South,LA,Herbal Tea,Lemon,Decaf
1/14/2010,1,180,8,South,LA,Espresso,Caffe Latte,Regular
1/29/2010,2,85,30,South,LA,Coffee,Columbian,Regular
1/20/2010,3,81,28,South,LA,Coffee,Decaf Irish Cream,Decaf
1/31/2010,4,90,10,South,NM,Espresso,Caffe Mocha,Regular
1/19/2010,5,82,9,South,NM,Espresso,Decaf Espresso,Decaf
1/27/2010,6,45,11,South,NM,Herbal Tea,Chamomile,Decaf
1/15/2010,7,62,4,South,NM,Herbal Tea,Lemon,Decaf
1/17/2010,8,65,8,South,NM,Espresso,Caffe Latte,Regular
1/6/2010,9,120,26,South,NM,Coffee,Columbian,Regular
1/20/2010,10,99,39,South,NM,Coffee,Decaf Irish Cream,Decaf
1/30/2010,11,80,28,South,OK,Espresso,Caffe Mocha,Regular
1/17/2010,12,210,67,South,OK,Espresso,Decaf Espresso,Decaf
1/15/2010,13,120,13,South,OK,Herbal Tea,Chamomile,Decaf
1/25/2010,14,190,10,South,OK,Herbal Tea,Lemon,Decaf
1/3/2010,15,200,66,South,OK,Espresso,Caffe Latte,Regular
1/28/2010,16,100,29,South,OK,Coffee,Columbian,Regular
1/1/2010,17,80,28,South,OK,Coffee,Decaf Irish Cream,Decaf
1/16/2010,18,219,95,South,TX,Espresso,Caffe Mocha,Regular
1/22/2010,19,134,54,South,TX,Espresso,Decaf Espresso,Decaf
1/18/2010,20,140,33,South,TX,Herbal Tea,Chamomile,Decaf
1/15/2010,21,140,42,South,TX,Herbal Tea,Lemon,Decaf
1/10/2010,22,180,53,South,TX,Espresso,Caffe Latte,Regular
1/19/2010,23,452,159,South,TX,Coffee,Columbian,Regular
1/29/2010,0,190,68,South,TX,Coffee,Decaf Irish Cream,Decaf
1/22/2010,1,114,44,West,UT,Espresso,Caffe Latte,Regular
1/30/2010,2,112,34,West,UT,Espresso,Caffe Mocha,Regular
1/4/2010,3,123,47,West,UT,Espresso,Decaf Espresso,Decaf
1/16/2010,4,93,21,West,UT,Herbal Tea,Chamomile,Decaf
1/4/2010,5,120,25,West,UT,Herbal Tea,Lemon,Decaf
1/17/2010,6,99,40,West,UT,Herbal Tea,Mint,Decaf
1/22/2010,7,90,10,West,UT,Tea,Darjeeling,Regular
1/5/2010,8,82,9,West,UT,Tea,Earl Grey,Regular
1/25/2010,9,65,9,West,UT,Tea,Green Tea,Regular
1/13/2010,10,170,47,West,UT,Coffee,Amaretto,Regular
1/28/2010,11,130,30,West,UT,Coffee,Columbian,Regular
1/10/2010,12,190,39,West,UT,Coffee,Decaf Irish Cream,Decaf
1/2/2010,13,456,140,West,CA,Espresso,Caffe Latte,Regular
1/7/2010,14,250,17,West,CA,Espresso,Caffe Mocha,Regular
1/3/2010,15,546,203,West,CA,Espresso,Decaf Espresso,Decaf
1/30/2010,16,234,102,West,CA,Herbal Tea,Chamomile,Decaf
1/1/2010,17,452,160,West,CA,Herbal Tea,Lemon,Decaf
1/4/2010,18,190,67,West,CA,Herbal Tea,Mint,Decaf
1/1/2010,19,219,94,West,CA,Tea,Darjeeling,Regular
1/7/2010,20,134,54,West,CA,Tea,Earl Grey,Regular
1/1/2010,21,180,54,West,CA,Tea,Green Tea,Regular
1/20/2010,22,145,2,West,CA,Coffee,Amaretto,Regular
1/17/2010,23,678,262,West,CA,Coffee,Columbian,Regular
1/8/2010,0,118,117,West,CA,Coffee,Decaf Irish Cream,Decaf
1/7/2010,1,43,11,West,NV,Espresso,Caffe Latte,Regular
1/3/2010,2,45,10,West,NV,Espresso,Caffe Mocha,Regular
1/12/2010,3,43,11,West,NV,Espresso,Decaf Espresso,Decaf
1/1/2010,4,62,4,West,NV,Coffee,Decaf Irish Cream,Decaf
1/19/2010,5,250,16,West,NV,Herbal Tea,Chamomile,Decaf
1/15/2010,6,345,111,West,NV,Herbal Tea,Lemon,Decaf
1/10/2010,7,234,86,West,NV,Herbal Tea,Mint,Decaf
1/24/2010,8,546,203,West,NV,Tea,Darjeeling,Regular
1/27/2010,9,456,141,West,NV,Tea,Earl Grey,Regular
1/9/2010,10,17,354,West,NV,Tea,Green Tea,Regular
1/16/2010,11,76,3,West,NV,Coffee,Columbian,Regular
1/14/2010,12,130,16,West,OR,Espresso,Caffe Latte,Regular
1/11/2010,13,140,33,West,OR,Espresso,Caffe Mocha,Regular
1/27/2010,14,341,99,West,OR,Espresso,Decaf Espresso,Decaf
1/31/2010,15,140,42,West,OR,Coffee,Decaf Irish Cream,Decaf
1/20/2010,16,90,33,West,OR,Herbal Tea,Chamomile,Decaf
1/6/2010,17,100,29,West,OR,Herbal Tea,Lemon,Decaf
1/4/2010,18,80,28,West,OR,Tea,Darjeeling,Regular
1/18/2010,19,210,68,West,OR,Tea,Earl Grey,Regular
1/11/2010,20,200,67,West,OR,Tea,Green Tea,Regular
1/9/2010,21,150,1,West,OR,Coffee,Amaretto,Regular
1/18/2010,22,160,28,West,OR,Coffee,Columbian,Regular
1/6/2010,23,110,35,West,WA,Espresso,Caffe Latte,Regular
1/22/2010,0,120,13,West,WA,Espresso,Caffe Mocha,Regular
1/2/2010,1,150,39,West,WA,Espresso,Decaf Espresso,Decaf
1/2/2010,2,190,9,West,WA,Coffee,Decaf Irish Cream,Decaf
1/9/2010,3,310,115,West,WA,Herbal Tea,Chamomile,Decaf
1/3/2010,4,85,30,West,WA,Herbal Tea,Lemon,Decaf
1/28/2010,5,180,70,West,WA,Tea,Darjeeling,Regular
1/27/2010,6,150,48,West,WA,Tea,Earl Grey,Regular
1/13/2010,7,180,8,West,WA,Tea,Green Tea,Regular
1/6/2010,8,130,38,West,WA,Coffee,Columbian,Regular
2/13/2010,9,243,105,Central,CO,Coffee,Amaretto,Regular
2/13/2010,10,190,68,Central,CO,Coffee,Columbian,Regular
2/22/2010,11,232,99,Central,CO,Coffee,Decaf Irish Cream,Decaf
2/12/2010,12,100,30,Central,CO,Tea,Green Tea,Regular
2/28/2010,13,189,80,Central,CO,Espresso,Caffe Mocha,Regular
2/27/2010,14,189,59,Central,CO,Espresso,Decaf Espresso,Decaf
2/28/2010,15,340,99,Central,CO,Herbal Tea,Chamomile,Decaf
2/11/2010,16,129,3,Central,CO,Herbal Tea,Lemon,Decaf
2/9/2010,17,140,33,Central,CO,Herbal Tea,Mint,Decaf
2/26/2010,18,132,18,Central,CO,Tea,Darjeeling,Regular
2/7/2010,19,136,34,Central,CO,Tea,Earl Grey,Regular
2/4/2010,20,354,115,Central,IL,Coffee,Columbian,Regular
2/16/2010,21,254,95,Central,IL,Coffee,Decaf Irish Cream,Decaf
2/27/2010,22,545,201,Central,IL,Espresso,Caffe Mocha,Regular
2/12/2010,23,457,142,Central,IL,Espresso,Decaf Espresso,Decaf
2/7/2010,0,243,105,Central,IL,Herbal Tea,Chamomile,Decaf
2/3/2010,1,190,68,Central,IL,Herbal Tea,Lemon,Decaf
2/28/2010,2,232,99,Central,IL,Herbal Tea,Mint,Decaf
2/18/2010,3,189,79,Central,IL,Tea,Darjeeling,Regular
2/11/2010,4,189,59,Central,IL,Tea,Earl Grey,Regular
2/20/2010,5,45,10,Central,IA,Coffee,Amaretto,Regular
2/23/2010,6,63,6,Central,IA,Coffee,Columbian,Regular
2/10/2010,7,54,12,Central,IA,Coffee,Decaf Irish Cream,Decaf
2/21/2010,8,47,11,Central,IA,Espresso,Caffe Mocha,Regular
2/6/2010,9,43,32,Central,IA,Espresso,Decaf Espresso,Decaf
2/28/2010,10,545,201,Central,IA,Herbal Tea,Chamomile,Decaf
2/21/2010,11,254,95,Central,IA,Herbal Tea,Lemon,Decaf
2/5/2010,12,457,141,Central,IA,Tea,Darjeeling,Regular
2/13/2010,13,534,169,Central,IA,Tea,Earl Grey,Regular
2/19/2010,14,193,42,Central,MO,Coffee,Columbian,Regular
2/27/2010,15,165,46,Central,MO,Coffee,Decaf Irish Cream,Decaf
2/16/2010,16,74,4,Central,MO,Tea,Green Tea,Regular
2/19/2010,17,123,48,Central,MO,Espresso,Caffe Mocha,Regular
2/20/2010,18,103,38,Central,MO,Espresso,Decaf Espresso,Decaf
2/27/2010,19,104,8,Central,MO,Herbal Tea,Chamomile,Decaf
2/5/2010,20,102,32,Central,MO,Herbal Tea,Lemon,Decaf
2/12/2010,21,82,9,Central,MO,Tea,Darjeeling,Regular
2/10/2010,22,68,7,Central,MO,Tea,Earl Grey,Regular
2/21/2010,23,140,33,Central,OH,Coffee,Amaretto,Regular
2/26/2010,0,128,38,Central,OH,Coffee,Columbian,Regular
2/15/2010,1,129,3,Central,OH,Coffee,Decaf Irish Cream,Decaf
2/24/2010,2,200,62,Central,OH,Tea,Darjeeling,Regular
2/10/2010,3,206,71,Central,OH,Tea,Earl Grey,Regular
2/16/2010,4,132,18,Central,OH,Espresso,Decaf Espresso,Decaf
2/12/2010,5,340,98,Central,OH,Espresso,Caffe Mocha,Regular
2/27/2010,6,56,17,Central,OH,Herbal Tea,Chamomile,Decaf
2/20/2010,7,80,28,Central,OH,Herbal Tea,Lemon,Decaf
2/25/2010,8,118,12,Central,WI,Coffee,Amaretto,Regular
2/4/2010,9,220,15,Central,WI,Coffee,Columbian,Regular
2/9/2010,10,180,50,Central,WI,Coffee,Decaf Irish Cream,Decaf
2/23/2010,11,137,41,Central,WI,Tea,Darjeeling,Regular
2/7/2010,12,155,3,Central,WI,Tea,Earl Grey,Regular
2/1/2010,13,110,35,Central,WI,Espresso,Decaf Espresso,Decaf
2/13/2010,14,154,42,Central,WI,Espresso,Caffe Mocha,Regular
2/28/2010,15,174,66,Central,WI,Herbal Tea,Chamomile,Decaf
2/8/2010,16,115,43,Central,WI,Herbal Tea,Lemon,Decaf
2/17/2010,17,123,48,East,CT,Tea,Darjeeling,Regular
2/11/2010,18,66,21,East,CT,Tea,Green Tea,Regular
2/1/2010,19,130,29,East,CT,Espresso,Decaf Espresso,Decaf
2/15/2010,20,155,3,East,CT,Espresso,Caffe Mocha,Regular
2/24/2010,21,325,121,East,CT,Coffee,Columbian,Regular
2/8/2010,22,193,41,East,CT,Herbal Tea,Lemon,Decaf
2/2/2010,23,165,46,East,CT,Herbal Tea,Mint,Decaf
2/8/2010,0,80,28,East,FL,Tea,Darjeeling,Regular
2/20/2010,1,115,44,East,FL,Tea,Green Tea,Regular
2/10/2010,2,180,51,East,FL,Espresso,Decaf Espresso,Decaf
2/20/2010,3,220,16,East,FL,Espresso,Caffe Mocha,Regular
2/1/2010,4,206,71,East,FL,Coffee,Decaf Irish Cream,Decaf
2/21/2010,5,200,63,East,FL,Coffee,Columbian,Regular
2/12/2010,6,110,34,East,FL,Herbal Tea,Chamomile,Decaf
2/1/2010,7,118,12,East,FL,Herbal Tea,Lemon,Decaf
2/12/2010,8,154,42,East,FL,Herbal Tea,Mint,Decaf
2/21/2010,9,80,28,East,MA,Tea,Darjeeling,Regular
2/27/2010,10,56,17,East,MA,Tea,Green Tea,Regular
2/29/2010,11,340,99,East,MA,Espresso,Regular Espresso,Regular
2/29/2010,12,128,4,East,MA,Espresso,Caffe Mocha,Regular
2/26/2010,13,470,340,East,MA,Coffee,Columbian,Regular
2/26/2010,14,132,18,East,MA,Herbal Tea,Lemon,Decaf
2/24/2010,15,45,11,East,NH,Tea,Darjeeling,Regular
2/17/2010,16,43,32,East,NH,Tea,Green Tea,Regular
2/13/2010,17,68,6,East,NH,Espresso,Regular Espresso,Regular
2/4/2010,18,104,7,East,NH,Espresso,Caffe Mocha,Regular
2/19/2010,19,101,25,East,NH,Coffee,Amaretto,Regular
2/26/2010,20,114,23,East,NH,Coffee,Columbian,Regular
2/8/2010,21,74,4,East,NH,Herbal Tea,Lemon,Decaf
2/25/2010,22,232,100,East,NY,Tea,Darjeeling,Regular
2/3/2010,23,243,105,East,NY,Tea,Earl Grey,Regular
2/11/2010,0,189,79,East,NY,Tea,Green Tea,Regular
2/8/2010,1,580,264,East,NY,Espresso,Regular Espresso,Regular
2/5/2010,2,61,203,East,NY,Espresso,Caffe Mocha,Regular
2/19/2010,3,645,245,East,NY,Coffee,Columbian,Regular
2/10/2010,4,495,131,East,NY,Herbal Tea,Lemon,Decaf
2/28/2010,5,180,120,East,NY,Herbal Tea,Mint,Decaf
2/15/2010,6,174,65,South,LA,Espresso,Caffe Mocha,Regular
2/22/2010,7,137,41,South,LA,Espresso,Decaf Espresso,Decaf
2/1/2010,8,112,35,South,LA,Herbal Tea,Chamomile,Decaf
2/18/2010,9,193,42,South,LA,Herbal Tea,Lemon,Decaf
2/17/2010,10,155,2,South,LA,Espresso,Caffe Latte,Regular
2/24/2010,11,94,34,South,LA,Coffee,Columbian,Regular
2/19/2010,12,115,44,South,LA,Coffee,Decaf Irish Cream,Decaf
2/26/2010,13,104,7,South,NM,Espresso,Caffe Mocha,Regular
2/27/2010,14,82,8,South,NM,Espresso,Decaf Espresso,Decaf
2/5/2010,15,45,10,South,NM,Herbal Tea,Chamomile,Decaf
2/6/2010,16,63,5,South,NM,Herbal Tea,Lemon,Decaf
2/23/2010,17,68,7,South,NM,Espresso,Caffe Latte,Regular
2/2/2010,18,114,24,South,NM,Coffee,Columbian,Regular
2/12/2010,19,102,31,South,NM,Coffee,Decaf Irish Cream,Decaf
2/9/2010,20,206,70,South,OK,Espresso,Caffe Latte,Regular
2/22/2010,21,56,17,South,OK,Espresso,Caffe Mocha,Regular
2/4/2010,22,200,63,South,OK,Espresso,Decaf Espresso,Decaf
2/23/2010,23,118,11,South,OK,Herbal Tea,Chamomile,Decaf
2/23/2010,0,220,15,South,OK,Herbal Tea,Lemon,Decaf
2/16/2010,1,100,29,South,OK,Coffee,Columbian,Regular
2/8/2010,2,80,29,South,OK,Coffee,Decaf Irish Cream,Decaf
2/3/2010,3,189,58,South,TX,Espresso,Caffe Latte,Regular
2/19/2010,4,243,106,South,TX,Espresso,Caffe Mocha,Regular
2/1/2010,5,189,80,South,TX,Espresso,Decaf Espresso,Decaf
2/2/2010,6,140,33,South,TX,Herbal Tea,Chamomile,Decaf
2/4/2010,7,128,38,South,TX,Herbal Tea,Lemon,Decaf
2/14/2010,8,465,164,South,TX,Coffee,Columbian,Regular
2/20/2010,9,190,68,South,TX,Coffee,Decaf Irish Cream,Decaf
2/25/2010,10,103,38,West,UT,Espresso,Caffe Latte,Regular
2/15/2010,11,112,35,West,UT,Espresso,Caffe Mocha,Regular
2/2/2010,12,123,48,West,UT,Espresso,Decaf Espresso,Decaf
2/10/2010,13,101,24,West,UT,Herbal Tea,Chamomile,Decaf
2/19/2010,14,114,24,West,UT,Herbal Tea,Lemon,Decaf
2/23/2010,15,102,31,West,UT,Herbal Tea,Mint,Decaf
2/9/2010,16,104,7,West,UT,Tea,Darjeeling,Regular
2/15/2010,17,82,9,West,UT,Tea,Earl Grey,Regular
2/24/2010,18,68,6,West,UT,Tea,Green Tea,Regular
2/18/2010,19,165,46,West,UT,Coffee,Amaretto,Regular
2/16/2010,20,130,30,West,UT,Coffee,Columbian,Regular
2/10/2010,21,193,41,West,UT,Coffee,Decaf Irish Cream,Decaf
2/12/2010,22,457,142,West,CA,Espresso,Caffe Latte,Regular
2/24/2010,23,290,26,West,CA,Espresso,Caffe Mocha,Regular
2/10/2010,0,545,202,West,CA,Espresso,Decaf Espresso,Decaf
2/14/2010,1,232,100,West,CA,Herbal Tea,Chamomile,Decaf
2/11/2010,2,465,164,West,CA,Herbal Tea,Lemon,Decaf
2/20/2010,3,190,68,West,CA,Herbal Tea,Mint,Decaf
2/17/2010,4,243,106,West,CA,Tea,Darjeeling,Regular
2/19/2010,5,189,80,West,CA,Tea,Earl Grey,Regular
2/15/2010,6,189,58,West,CA,Tea,Green Tea,Regular
2/12/2010,7,132,27,West,CA,Coffee,Amaretto,Regular
2/14/2010,8,645,245,West,CA,Coffee,Columbian,Regular
2/2/2010,9,122,117,West,CA,Coffee,Decaf Irish Cream,Decaf
2/12/2010,10,43,31,West,NV,Espresso,Caffe Latte,Regular
2/29/2010,11,45,10,West,NV,Espresso,Caffe Mocha,Regular
2/23/2010,12,47,11,West,NV,Espresso,Decaf Espresso,Decaf
2/22/2010,13,63,6,West,NV,Coffee,Decaf Irish Cream,Decaf
2/23/2010,14,290,26,West,NV,Herbal Tea,Chamomile,Decaf
2/22/2010,15,354,115,West,NV,Herbal Tea,Lemon,Decaf
2/25/2010,16,254,94,West,NV,Herbal Tea,Mint,Decaf
2/23/2010,17,545,202,West,NV,Tea,Darjeeling,Regular
2/29/2010,18,457,142,West,NV,Tea,Earl Grey,Regular
2/4/2010,19,23,342,West,NV,Tea,Green Tea,Regular
2/12/2010,20,74,5,West,NV,Coffee,Columbian,Regular
2/15/2010,21,132,18,West,OR,Espresso,Caffe Latte,Regular
2/8/2010,22,140,33,West,OR,Espresso,Caffe Mocha,Regular
2/2/2010,23,340,99,West,OR,Espresso,Decaf Espresso,Decaf
2/29/2010,0,128,38,West,OR,Coffee,Decaf Irish Cream,Decaf
2/22/2010,1,81,28,West,OR,Herbal Tea,Chamomile,Decaf
2/5/2010,2,100,30,West,OR,Herbal Tea,Lemon,Decaf
2/5/2010,3,56,17,West,OR,Tea,Darjeeling,Regular
2/21/2010,4,200,62,West,OR,Tea,Earl Grey,Regular
2/12/2010,5,206,71,West,OR,Tea,Green Tea,Regular
2/3/2010,6,129,4,West,OR,Coffee,Amaretto,Regular
2/12/2010,7,155,25,West,OR,Coffee,Columbian,Regular
2/5/2010,8,110,35,West,WA,Espresso,Caffe Latte,Regular
2/24/2010,9,118,12,West,WA,Espresso,Caffe Mocha,Regular
2/27/2010,10,154,41,West,WA,Espresso,Decaf Espresso,Decaf
2/1/2010,11,220,15,West,WA,Coffee,Decaf Irish Cream,Decaf
2/19/2010,12,325,121,West,WA,Herbal Tea,Chamomile,Decaf
2/20/2010,13,94,34,West,WA,Herbal Tea,Lemon,Decaf
2/8/2010,14,174,66,West,WA,Tea,Darjeeling,Regular
2/25/2010,15,137,41,West,WA,Tea,Earl Grey,Regular
2/9/2010,16,155,3,West,WA,Tea,Green Tea,Regular
2/1/2010,17,142,44,West,WA,Coffee,Columbian,Regular
3/3/2010,18,213,90,Central,CO,Coffee,Amaretto,Regular
3/25/2010,19,193,69,Central,CO,Coffee,Columbian,Regular
3/23/2010,20,234,101,Central,CO,Coffee,Decaf Irish Cream,Decaf
3/25/2010,21,98,29,Central,CO,Tea,Green Tea,Regular
3/20/2010,22,198,84,Central,CO,Espresso,Caffe Mocha,Regular
3/26/2010,23,180,54,Central,CO,Espresso,Decaf Espresso,Decaf
3/2/2010,0,325,94,Central,CO,Herbal Tea,Chamomile,Decaf
3/13/2010,1,125,4,Central,CO,Herbal Tea,Lemon,Decaf
3/8/2010,2,134,31,Central,CO,Herbal Tea,Mint,Decaf
3/15/2010,3,129,16,Central,CO,Tea,Darjeeling,Regular
3/28/2010,4,135,32,Central,CO,Tea,Earl Grey,Regular
3/9/2010,5,367,119,Central,IL,Coffee,Columbian,Regular
3/19/2010,6,267,102,Central,IL,Coffee,Decaf Irish Cream,Decaf
3/1/2010,7,567,211,Central,IL,Espresso,Caffe Mocha,Regular
3/5/2010,8,478,148,Central,IL,Espresso,Decaf Espresso,Decaf
3/26/2010,9,213,91,Central,IL,Herbal Tea,Chamomile,Decaf
3/7/2010,10,193,70,Central,IL,Herbal Tea,Lemon,Decaf
3/26/2010,11,234,102,Central,IL,Herbal Tea,Mint,Decaf
3/11/2010,12,198,84,Central,IL,Tea,Darjeeling,Regular
3/21/2010,13,180,53,Central,IL,Tea,Earl Grey,Regular
3/2/2010,14,45,10,Central,IA,Coffee,Amaretto,Regular
3/23/2010,15,63,6,Central,IA,Coffee,Columbian,Regular
3/16/2010,16,54,12,Central,IA,Coffee,Decaf Irish Cream,Decaf
3/30/2010,17,41,9,Central,IA,Espresso,Caffe Mocha,Regular
3/9/2010,18,43,32,Central,IA,Espresso,Decaf Espresso,Decaf
3/12/2010,19,567,212,Central,IA,Herbal Tea,Chamomile,Decaf
3/4/2010,20,267,102,Central,IA,Herbal Tea,Lemon,Decaf
3/30/2010,21,478,148,Central,IA,Tea,Darjeeling,Regular
3/14/2010,22,546,175,Central,IA,Tea,Earl Grey,Regular
3/3/2010,23,189,39,Central,MO,Coffee,Columbian,Regular
3/23/2010,0,163,45,Central,MO,Coffee,Decaf Irish Cream,Decaf
3/16/2010,1,75,4,Central,MO,Tea,Green Tea,Regular
3/11/2010,2,121,47,Central,MO,Espresso,Caffe Mocha,Regular
3/24/2010,3,118,45,Central,MO,Espresso,Decaf Espresso,Decaf
3/26/2010,4,107,6,Central,MO,Herbal Tea,Chamomile,Decaf
3/8/2010,5,106,32,Central,MO,Herbal Tea,Lemon,Decaf
3/17/2010,6,85,11,Central,MO,Tea,Darjeeling,Regular
3/14/2010,7,75,3,Central,MO,Tea,Earl Grey,Regular
3/5/2010,8,134,32,Central,OH,Coffee,Amaretto,Regular
3/19/2010,9,121,35,Central,OH,Coffee,Columbian,Regular
3/30/2010,10,125,4,Central,OH,Coffee,Decaf Irish Cream,Decaf
3/4/2010,11,210,68,Central,OH,Tea,Darjeeling,Regular
3/28/2010,12,214,74,Central,OH,Tea,Earl Grey,Regular
3/18/2010,13,129,15,Central,OH,Espresso,Decaf Espresso,Decaf
3/14/2010,14,325,94,Central,OH,Espresso,Caffe Mocha,Regular
3/5/2010,15,53,15,Central,OH,Herbal Tea,Chamomile,Decaf
3/8/2010,16,79,28,Central,OH,Herbal Tea,Lemon,Decaf
3/14/2010,17,120,13,Central,WI,Coffee,Amaretto,Regular
3/17/2010,18,227,17,Central,WI,Coffee,Columbian,Regular
3/11/2010,19,188,55,Central,WI,Coffee,Decaf Irish Cream,Decaf
3/24/2010,20,129,38,Central,WI,Tea,Darjeeling,Regular
3/28/2010,21,150,1,Central,WI,Tea,Earl Grey,Regular
3/23/2010,22,112,34,Central,WI,Espresso,Decaf Espresso,Decaf
3/13/2010,23,155,41,Central,WI,Espresso,Caffe Mocha,Regular
3/19/2010,0,167,63,Central,WI,Herbal Tea,Chamomile,Decaf
3/20/2010,1,121,47,Central,WI,Herbal Tea,Lemon,Decaf
3/4/2010,2,121,47,East,CT,Tea,Darjeeling,Regular
3/16/2010,3,62,18,East,CT,Tea,Green Tea,Regular
3/10/2010,4,124,26,East,CT,Espresso,Decaf Espresso,Decaf
3/18/2010,5,150,0,East,CT,Espresso,Caffe Mocha,Regular
3/30/2010,6,309,114,East,CT,Coffee,Columbian,Regular
3/14/2010,7,189,39,East,CT,Herbal Tea,Lemon,Decaf
3/2/2010,8,163,46,East,CT,Herbal Tea,Mint,Decaf
3/29/2010,9,81,27,East,FL,Tea,Darjeeling,Regular
3/29/2010,10,121,47,East,FL,Tea,Green Tea,Regular
3/12/2010,11,188,54,East,FL,Espresso,Decaf Espresso,Decaf
3/9/2010,12,227,17,East,FL,Espresso,Caffe Mocha,Regular
3/25/2010,13,214,74,East,FL,Coffee,Decaf Irish Cream,Decaf
3/16/2010,14,210,67,East,FL,Coffee,Columbian,Regular
3/18/2010,15,112,35,East,FL,Herbal Tea,Chamomile,Decaf
3/22/2010,16,120,12,East,FL,Herbal Tea,Lemon,Decaf
3/3/2010,17,155,40,East,FL,Herbal Tea,Mint,Decaf
3/28/2010,18,79,28,East,MA,Tea,Darjeeling,Regular
3/30/2010,19,53,15,East,MA,Tea,Green Tea,Regular
3/3/2010,20,325,94,East,MA,Espresso,Regular Espresso,Regular
3/27/2010,21,125,4,East,MA,Espresso,Caffe Mocha,Regular
3/29/2010,22,492,366,East,MA,Coffee,Columbian,Regular
3/1/2010,23,129,16,East,MA,Herbal Tea,Lemon,Decaf
3/17/2010,0,45,11,East,NH,Tea,Darjeeling,Regular
3/21/2010,1,43,32,East,NH,Tea,Green Tea,Regular
3/12/2010,2,75,4,East,NH,Espresso,Regular Espresso,Regular
3/21/2010,3,107,7,East,NH,Espresso,Caffe Mocha,Regular
3/24/2010,4,107,29,East,NH,Coffee,Amaretto,Regular
3/18/2010,5,119,26,East,NH,Coffee,Columbian,Regular
3/20/2010,6,75,3,East,NH,Herbal Tea,Lemon,Decaf
3/9/2010,7,234,102,East,NY,Tea,Darjeeling,Regular
3/27/2010,8,213,91,East,NY,Tea,Earl Grey,Regular
3/14/2010,9,198,83,East,NY,Tea,Green Tea,Regular
3/20/2010,10,63,208,East,NY,Espresso,Caffe Mocha,Regular
3/26/2010,11,523,194,East,NY,Espresso,Regular Espresso,Regular
3/9/2010,12,675,259,East,NY,Coffee,Columbian,Regular
3/13/2010,13,513,141,East,NY,Herbal Tea,Lemon,Decaf
3/18/2010,14,182,119,East,NY,Herbal Tea,Mint,Decaf
3/14/2010,15,150,1,South,LA,Espresso,Caffe Latte,Regular
3/3/2010,16,167,63,South,LA,Espresso,Caffe Mocha,Regular
3/24/2010,17,129,38,South,LA,Espresso,Decaf Espresso,Decaf
3/2/2010,18,110,34,South,LA,Herbal Tea,Chamomile,Decaf
3/14/2010,19,189,39,South,LA,Herbal Tea,Lemon,Decaf
3/2/2010,20,121,47,South,LA,Coffee,Decaf Irish Cream,Decaf
3/31/2010,21,82,29,South,LA,Coffee,Columbian,Regular
3/17/2010,22,75,3,South,NM,Espresso,Caffe Latte,Regular
3/29/2010,23,107,7,South,NM,Espresso,Caffe Mocha,Regular
3/12/2010,0,85,11,South,NM,Espresso,Decaf Espresso,Decaf
3/28/2010,1,45,10,South,NM,Herbal Tea,Chamomile,Decaf
3/8/2010,2,63,5,South,NM,Herbal Tea,Lemon,Decaf
3/29/2010,3,106,33,South,NM,Coffee,Decaf Irish Cream,Decaf
3/28/2010,4,119,26,South,NM,Coffee,Columbian,Regular
3/13/2010,5,214,74,South,OK,Espresso,Caffe Latte,Regular
3/20/2010,6,53,15,South,OK,Espresso,Caffe Mocha,Regular
3/18/2010,7,210,68,South,OK,Espresso,Decaf Espresso,Decaf
3/28/2010,8,120,13,South,OK,Herbal Tea,Chamomile,Decaf
3/7/2010,9,227,17,South,OK,Herbal Tea,Lemon,Decaf
3/1/2010,10,79,27,South,OK,Coffee,Decaf Irish Cream,Decaf
3/28/2010,11,98,29,South,OK,Coffee,Columbian,Regular
3/8/2010,12,180,54,South,TX,Espresso,Caffe Latte,Regular
3/8/2010,13,213,91,South,TX,Espresso,Caffe Mocha,Regular
3/20/2010,14,198,84,South,TX,Espresso,Decaf Espresso,Decaf
3/10/2010,15,134,31,South,TX,Herbal Tea,Chamomile,Decaf
3/26/2010,16,121,35,South,TX,Herbal Tea,Lemon,Decaf
3/28/2010,17,193,70,South,TX,Coffee,Decaf Irish Cream,Decaf
3/30/2010,18,467,166,South,TX,Coffee,Columbian,Regular
3/13/2010,19,118,45,West,UT,Espresso,Caffe Latte,Regular
3/25/2010,20,110,34,West,UT,Espresso,Caffe Mocha,Regular
3/5/2010,21,121,47,West,UT,Espresso,Decaf Espresso,Decaf
3/20/2010,22,189,38,West,UT,Coffee,Decaf Irish Cream,Decaf
3/22/2010,23,107,28,West,UT,Herbal Tea,Chamomile,Decaf
3/3/2010,0,119,26,West,UT,Herbal Tea,Lemon,Decaf
3/17/2010,1,106,32,West,UT,Herbal Tea,Mint,Decaf
3/28/2010,2,107,7,West,UT,Tea,Darjeeling,Regular
3/9/2010,3,85,10,West,UT,Tea,Earl Grey,Regular
3/8/2010,4,75,4,West,UT,Tea,Green Tea,Regular
3/27/2010,5,163,45,West,UT,Coffee,Amaretto,Regular
3/16/2010,6,124,26,West,UT,Coffee,Columbian,Regular
3/5/2010,7,478,149,West,CA,Espresso,Caffe Latte,Regular
3/8/2010,8,298,27,West,CA,Espresso,Caffe Mocha,Regular
3/21/2010,9,567,211,West,CA,Espresso,Decaf Espresso,Decaf
3/18/2010,10,127,121,West,CA,Coffee,Decaf Irish Cream,Decaf
3/10/2010,11,234,101,West,CA,Herbal Tea,Chamomile,Decaf
3/20/2010,12,467,165,West,CA,Herbal Tea,Lemon,Decaf
3/23/2010,13,193,69,West,CA,Herbal Tea,Mint,Decaf
3/9/2010,14,213,91,West,CA,Tea,Darjeeling,Regular
3/13/2010,15,198,84,West,CA,Tea,Earl Grey,Regular
3/12/2010,16,180,54,West,CA,Tea,Green Tea,Regular
3/25/2010,17,125,41,West,CA,Coffee,Amaretto,Regular
3/5/2010,18,675,259,West,CA,Coffee,Columbian,Regular
3/28/2010,19,43,31,West,NV,Espresso,Caffe Latte,Regular
3/9/2010,20,45,10,West,NV,Espresso,Caffe Mocha,Regular
3/16/2010,21,41,10,West,NV,Espresso,Decaf Espresso,Decaf
3/25/2010,22,63,6,West,NV,Coffee,Decaf Irish Cream,Decaf
3/21/2010,23,298,27,West,NV,Herbal Tea,Chamomile,Decaf
3/5/2010,0,367,119,West,NV,Herbal Tea,Lemon,Decaf
3/22/2010,1,267,102,West,NV,Herbal Tea,Mint,Decaf
3/4/2010,2,567,212,West,NV,Tea,Darjeeling,Regular
3/30/2010,3,478,148,West,NV,Tea,Earl Grey,Regular
3/28/2010,4,32,340,West,NV,Tea,Green Tea,Regular
3/16/2010,5,75,4,West,NV,Coffee,Columbian,Regular
3/22/2010,6,129,15,West,OR,Espresso,Caffe Latte,Regular
3/31/2010,7,134,32,West,OR,Espresso,Caffe Mocha,Regular
3/4/2010,8,325,94,West,OR,Espresso,Decaf Espresso,Decaf
3/24/2010,9,121,34,West,OR,Coffee,Decaf Irish Cream,Decaf
3/26/2010,10,92,33,West,OR,Herbal Tea,Chamomile,Decaf
3/25/2010,11,98,29,West,OR,Herbal Tea,Lemon,Decaf
3/6/2010,12,53,16,West,OR,Tea,Darjeeling,Regular
3/14/2010,13,210,68,West,OR,Tea,Earl Grey,Regular
3/1/2010,14,214,74,West,OR,Tea,Green Tea,Regular
3/11/2010,15,125,3,West,OR,Coffee,Amaretto,Regular
3/5/2010,16,149,24,West,OR,Coffee,Columbian,Regular
3/14/2010,17,112,35,West,WA,Espresso,Caffe Latte,Regular
3/18/2010,18,120,12,West,WA,Espresso,Caffe Mocha,Regular
3/25/2010,19,155,40,West,WA,Espresso,Decaf Espresso,Decaf
3/14/2010,20,227,16,West,WA,Coffee,Decaf Irish Cream,Decaf
3/17/2010,21,309,115,West,WA,Herbal Tea,Chamomile,Decaf
3/29/2010,22,82,29,West,WA,Herbal Tea,Lemon,Decaf
3/28/2010,23,167,62,West,WA,Tea,Darjeeling,Regular
3/17/2010,0,129,38,West,WA,Tea,Earl Grey,Regular
3/28/2010,1,150,0,West,WA,Tea,Green Tea,Regular
3/2/2010,2,150,48,West,WA,Coffee,Columbian,Regular
4/25/2010,3,223,96,Central,CO,Coffee,Amaretto,Regular
4/11/2010,4,178,63,Central,CO,Coffee,Columbian,Regular
4/7/2010,5,121,13,Central,CO,Tea,Darjeeling,Regular
4/25/2010,6,138,34,Central,CO,Tea,Earl Grey,Regular
4/11/2010,7,106,32,Central,CO,Tea,Green Tea,Regular
4/5/2010,8,198,84,Central,CO,Espresso,Caffe Mocha,Regular
4/1/2010,9,170,48,Central,CO,Espresso,Decaf Espresso,Decaf
4/29/2010,10,245,105,Central,CO,Coffee,Decaf Irish Cream,Decaf
4/21/2010,11,325,94,Central,CO,Herbal Tea,Chamomile,Decaf
4/26/2010,12,125,4,Central,CO,Herbal Tea,Lemon,Decaf
4/29/2010,13,129,29,Central,CO,Herbal Tea,Mint,Decaf
4/21/2010,14,456,156,Central,IL,Coffee,Columbian,Regular
4/28/2010,15,198,83,Central,IL,Tea,Darjeeling,Regular
4/8/2010,16,170,49,Central,IL,Tea,Earl Grey,Regular
4/27/2010,17,587,220,Central,IL,Espresso,Caffe Mocha,Regular
4/28/2010,18,478,149,Central,IL,Espresso,Decaf Espresso,Decaf
4/10/2010,19,301,116,Central,IL,Coffee,Decaf Irish Cream,Decaf
4/3/2010,20,223,95,Central,IL,Herbal Tea,Chamomile,Decaf
4/24/2010,21,178,62,Central,IL,Herbal Tea,Lemon,Decaf
4/3/2010,22,245,106,Central,IL,Herbal Tea,Mint,Decaf
4/22/2010,23,47,11,Central,IA,Coffee,Amaretto,Regular
4/14/2010,0,478,148,Central,IA,Tea,Darjeeling,Regular
4/20/2010,1,578,186,Central,IA,Tea,Earl Grey,Regular
4/6/2010,2,43,10,Central,IA,Espresso,Caffe Mocha,Regular
4/16/2010,3,43,32,Central,IA,Espresso,Decaf Espresso,Decaf
4/20/2010,4,61,3,Central,IA,Coffee,Columbian,Regular
4/1/2010,5,49,9,Central,IA,Coffee,Decaf Irish Cream,Decaf
4/15/2010,6,587,220,Central,IA,Herbal Tea,Chamomile,Decaf
4/27/2010,7,301,115,Central,IA,Herbal Tea,Lemon,Decaf
4/4/2010,8,88,11,Central,MO,Tea,Darjeeling,Regular
4/14/2010,9,65,9,Central,MO,Tea,Earl Grey,Regular
4/20/2010,10,79,2,Central,MO,Tea,Green Tea,Regular
4/9/2010,11,115,43,Central,MO,Espresso,Caffe Mocha,Regular
4/29/2010,12,112,44,Central,MO,Espresso,Decaf Espresso,Decaf
4/21/2010,13,178,35,Central,MO,Coffee,Columbian,Regular
4/7/2010,14,167,47,Central,MO,Coffee,Decaf Irish Cream,Decaf
4/17/2010,15,107,6,Central,MO,Herbal Tea,Chamomile,Decaf
4/27/2010,16,133,12,Central,MO,Herbal Tea,Lemon,Decaf
4/17/2010,17,222,73,Central,OH,Tea,Darjeeling,Regular
4/23/2010,18,267,97,Central,OH,Tea,Earl Grey,Regular
4/27/2010,19,325,93,Central,OH,Espresso,Caffe Mocha,Regular
4/26/2010,20,121,13,Central,OH,Espresso,Decaf Espresso,Decaf
4/4/2010,21,129,28,Central,OH,Coffee,Amaretto,Regular
4/6/2010,22,107,27,Central,OH,Coffee,Columbian,Regular
4/5/2010,23,125,3,Central,OH,Coffee,Decaf Irish Cream,Decaf
4/1/2010,0,53,16,Central,OH,Herbal Tea,Chamomile,Decaf
4/1/2010,1,75,26,Central,OH,Herbal Tea,Lemon,Decaf
4/18/2010,2,114,31,Central,WI,Tea,Darjeeling,Regular
4/19/2010,3,150,1,Central,WI,Tea,Earl Grey,Regular
4/28/2010,4,151,39,Central,WI,Espresso,Caffe Mocha,Regular
4/23/2010,5,103,32,Central,WI,Espresso,Decaf Espresso,Decaf
4/10/2010,6,127,16,Central,WI,Coffee,Amaretto,Regular
4/15/2010,7,227,17,Central,WI,Coffee,Columbian,Regular
4/8/2010,8,195,58,Central,WI,Coffee,Decaf Irish Cream,Decaf
4/22/2010,9,133,46,Central,WI,Herbal Tea,Chamomile,Decaf
4/4/2010,10,121,47,Central,WI,Herbal Tea,Lemon,Decaf
4/23/2010,11,115,43,East,CT,Tea,Darjeeling,Regular
4/25/2010,12,62,18,East,CT,Tea,Green Tea,Regular
4/23/2010,13,150,0,East,CT,Espresso,Caffe Mocha,Regular
4/11/2010,14,119,24,East,CT,Espresso,Decaf Espresso,Decaf
4/18/2010,15,292,107,East,CT,Coffee,Columbian,Regular
4/15/2010,16,178,34,East,CT,Herbal Tea,Lemon,Decaf
4/3/2010,17,167,46,East,CT,Herbal Tea,Mint,Decaf
4/25/2010,18,85,30,East,FL,Tea,Darjeeling,Regular
4/21/2010,19,121,47,East,FL,Tea,Green Tea,Regular
4/9/2010,20,227,17,East,FL,Espresso,Caffe Mocha,Regular
4/30/2010,21,195,58,East,FL,Espresso,Decaf Espresso,Decaf
4/6/2010,22,222,73,East,FL,Coffee,Columbian,Regular
4/9/2010,23,267,98,East,FL,Coffee,Decaf Irish Cream,Decaf
4/13/2010,0,103,31,East,FL,Herbal Tea,Chamomile,Decaf
4/8/2010,1,127,15,East,FL,Herbal Tea,Lemon,Decaf
4/6/2010,2,151,39,East,FL,Herbal Tea,Mint,Decaf
4/22/2010,3,75,26,East,MA,Tea,Darjeeling,Regular
4/6/2010,4,53,16,East,MA,Tea,Green Tea,Regular
4/16/2010,5,117,12,East,MA,Espresso,Caffe Mocha,Regular
4/9/2010,6,325,94,East,MA,Espresso,Regular Espresso,Regular
4/14/2010,7,519,397,East,MA,Coffee,Columbian,Regular
4/28/2010,8,121,13,East,MA,Herbal Tea,Lemon,Decaf
4/7/2010,9,47,12,East,NH,Tea,Darjeeling,Regular
4/1/2010,10,43,32,East,NH,Tea,Green Tea,Regular
4/28/2010,11,107,6,East,NH,Espresso,Caffe Mocha,Regular
4/21/2010,12,65,9,East,NH,Espresso,Regular Espresso,Regular
4/16/2010,13,121,33,East,NH,Coffee,Amaretto,Regular
4/16/2010,14,125,27,East,NH,Coffee,Columbian,Regular
4/4/2010,15,79,3,East,NH,Herbal Tea,Lemon,Decaf
4/30/2010,16,245,105,East,NY,Tea,Darjeeling,Regular
4/11/2010,17,223,95,East,NY,Tea,Earl Grey,Regular
4/19/2010,18,198,83,East,NY,Tea,Green Tea,Regular
4/12/2010,19,66,205,East,NY,Espresso,Caffe Mocha,Regular
4/1/2010,20,564,235,East,NY,Espresso,Regular Espresso,Regular
4/17/2010,21,712,276,East,NY,Coffee,Columbian,Regular
4/16/2010,22,638,247,East,NY,Herbal Tea,Lemon,Decaf
4/8/2010,23,189,105,East,NY,Herbal Tea,Mint,Decaf
4/2/2010,0,150,1,South,LA,Espresso,Caffe Latte,Regular
4/26/2010,1,133,45,South,LA,Espresso,Caffe Mocha,Regular
4/2/2010,2,114,31,South,LA,Espresso,Decaf Espresso,Decaf
4/10/2010,3,119,38,South,LA,Herbal Tea,Chamomile,Decaf
4/24/2010,4,178,35,South,LA,Herbal Tea,Lemon,Decaf
4/30/2010,5,86,30,South,LA,Coffee,Columbian,Regular
4/18/2010,6,121,48,South,LA,Coffee,Decaf Irish Cream,Decaf
4/24/2010,7,65,9,South,NM,Espresso,Caffe Latte,Regular
4/22/2010,8,107,6,South,NM,Espresso,Caffe Mocha,Regular
4/20/2010,9,88,12,South,NM,Espresso,Decaf Espresso,Decaf
4/20/2010,10,47,12,South,NM,Herbal Tea,Chamomile,Decaf
4/29/2010,11,61,3,South,NM,Herbal Tea,Lemon,Decaf
4/17/2010,12,125,27,South,NM,Coffee,Columbian,Regular
4/12/2010,13,133,11,South,NM,Coffee,Decaf Irish Cream,Decaf
4/21/2010,14,222,74,South,OK,Espresso,Decaf Espresso,Decaf
4/14/2010,15,267,98,South,OK,Espresso,Caffe Latte,Regular
4/4/2010,16,53,16,South,OK,Espresso,Caffe Mocha,Regular
4/14/2010,17,127,15,South,OK,Herbal Tea,Chamomile,Decaf
4/17/2010,18,227,16,South,OK,Herbal Tea,Lemon,Decaf
4/12/2010,19,106,33,South,OK,Coffee,Columbian,Regular
4/12/2010,20,75,25,South,OK,Coffee,Decaf Irish Cream,Decaf
4/23/2010,21,198,84,South,TX,Espresso,Decaf Espresso,Decaf
4/16/2010,22,170,48,South,TX,Espresso,Caffe Latte,Regular
4/15/2010,23,223,96,South,TX,Espresso,Caffe Mocha,Regular
4/3/2010,0,129,28,South,TX,Herbal Tea,Chamomile,Decaf
4/8/2010,1,107,27,South,TX,Herbal Tea,Lemon,Decaf
4/14/2010,2,456,161,South,TX,Coffee,Columbian,Regular
4/20/2010,3,178,63,South,TX,Coffee,Decaf Irish Cream,Decaf
4/22/2010,4,119,37,West,UT,Espresso,Caffe Mocha,Regular
4/30/2010,5,115,43,West,UT,Espresso,Decaf Espresso,Decaf
4/28/2010,6,112,43,West,UT,Espresso,Caffe Latte,Regular
4/3/2010,7,167,47,West,UT,Coffee,Amaretto,Regular
4/29/2010,8,119,25,West,UT,Coffee,Columbian,Regular
4/5/2010,9,178,34,West,UT,Coffee,Decaf Irish Cream,Decaf
4/30/2010,10,121,34,West,UT,Herbal Tea,Chamomile,Decaf
4/18/2010,11,125,28,West,UT,Herbal Tea,Lemon,Decaf
4/8/2010,12,133,11,West,UT,Herbal Tea,Mint,Decaf
4/3/2010,13,107,6,West,UT,Tea,Darjeeling,Regular
4/10/2010,14,88,11,West,UT,Tea,Earl Grey,Regular
4/25/2010,15,65,8,West,UT,Tea,Green Tea,Regular
4/3/2010,16,478,148,West,CA,Espresso,Caffe Latte,Regular
4/11/2010,17,298,26,West,CA,Espresso,Caffe Mocha,Regular
4/4/2010,18,587,220,West,CA,Espresso,Decaf Espresso,Decaf
4/5/2010,19,110,76,West,CA,Coffee,Amaretto,Regular
4/2/2010,20,712,276,West,CA,Coffee,Columbian,Regular
4/22/2010,21,159,141,West,CA,Coffee,Decaf Irish Cream,Decaf
4/3/2010,22,245,106,West,CA,Herbal Tea,Chamomile,Decaf
4/19/2010,23,456,162,West,CA,Herbal Tea,Lemon,Decaf
4/6/2010,0,178,62,West,CA,Herbal Tea,Mint,Decaf
4/20/2010,1,223,96,West,CA,Tea,Darjeeling,Regular
4/15/2010,2,198,83,West,CA,Tea,Earl Grey,Regular
4/9/2010,3,170,48,West,CA,Tea,Green Tea,Regular
4/25/2010,4,43,32,West,NV,Espresso,Caffe Latte,Regular
4/25/2010,5,47,11,West,NV,Espresso,Caffe Mocha,Regular
4/29/2010,6,43,10,West,NV,Espresso,Decaf Espresso,Decaf
4/1/2010,7,79,2,West,NV,Coffee,Columbian,Regular
4/20/2010,8,61,4,West,NV,Coffee,Decaf Irish Cream,Decaf
4/1/2010,9,298,27,West,NV,Herbal Tea,Chamomile,Decaf
4/4/2010,10,456,156,West,NV,Herbal Tea,Lemon,Decaf
4/4/2010,11,301,115,West,NV,Herbal Tea,Mint,Decaf
4/12/2010,12,587,219,West,NV,Tea,Darjeeling,Regular
4/8/2010,13,478,149,West,NV,Tea,Earl Grey,Regular
4/11/2010,14,26,365,West,NV,Tea,Green Tea,Regular
4/8/2010,15,121,13,West,OR,Espresso,Caffe Latte,Regular
4/12/2010,16,129,28,West,OR,Espresso,Caffe Mocha,Regular
4/13/2010,17,325,93,West,OR,Espresso,Decaf Espresso,Decaf
4/20/2010,18,125,3,West,OR,Coffee,Amaretto,Regular
4/24/2010,19,119,8,West,OR,Coffee,Columbian,Regular
4/9/2010,20,87,31,West,OR,Herbal Tea,Chamomile,Decaf
4/26/2010,21,106,32,West,OR,Herbal Tea,Lemon,Decaf
4/23/2010,22,53,15,West,OR,Tea,Darjeeling,Regular
4/25/2010,23,222,73,West,OR,Tea,Earl Grey,Regular
4/6/2010,0,267,98,West,OR,Tea,Green Tea,Regular
4/2/2010,1,107,28,West,OR,Coffee,Decaf Irish Cream,Decaf
4/19/2010,2,103,32,West,WA,Espresso,Caffe Latte,Regular
4/22/2010,3,127,15,West,WA,Espresso,Caffe Mocha,Regular
4/4/2010,4,151,39,West,WA,Espresso,Decaf Espresso,Decaf
4/3/2010,5,169,54,West,WA,Coffee,Columbian,Regular
4/18/2010,6,292,106,West,WA,Herbal Tea,Chamomile,Decaf
4/25/2010,7,86,30,West,WA,Herbal Tea,Lemon,Decaf
4/25/2010,8,133,45,West,WA,Tea,Darjeeling,Regular
4/3/2010,9,114,30,West,WA,Tea,Earl Grey,Regular
4/22/2010,10,150,0,West,WA,Tea,Green Tea,Regular
4/28/2010,11,227,17,West,WA,Coffee,Decaf Irish Cream,Decaf
5/15/2010,12,256,111,Central,CO,Coffee,Amaretto,Regular
5/3/2010,13,190,68,Central,CO,Coffee,Columbian,Regular
5/8/2010,14,118,12,Central,CO,Tea,Darjeeling,Regular
5/23/2010,15,122,27,Central,CO,Tea,Earl Grey,Regular
5/2/2010,16,99,30,Central,CO,Tea,Green Tea,Regular
5/14/2010,17,210,88,Central,CO,Espresso,Caffe Mocha,Regular
5/17/2010,18,160,44,Central,CO,Espresso,Decaf Espresso,Decaf
5/30/2010,19,256,112,Central,CO,Coffee,Decaf Irish Cream,Decaf
5/7/2010,20,298,83,Central,CO,Herbal Tea,Chamomile,Decaf
5/4/2010,21,128,3,Central,CO,Herbal Tea,Lemon,Decaf
5/21/2010,22,123,26,Central,CO,Herbal Tea,Mint,Decaf
5/4/2010,23,465,161,Central,IL,Coffee,Columbian,Regular
5/31/2010,0,210,88,Central,IL,Tea,Darjeeling,Regular
5/8/2010,1,160,44,Central,IL,Tea,Earl Grey,Regular
5/19/2010,2,612,230,Central,IL,Espresso,Caffe Mocha,Regular
5/26/2010,3,521,165,Central,IL,Espresso,Decaf Espresso,Decaf
5/26/2010,4,312,122,Central,IL,Coffee,Decaf Irish Cream,Decaf
5/16/2010,5,256,112,Central,IL,Herbal Tea,Chamomile,Decaf
5/24/2010,6,190,68,Central,IL,Herbal Tea,Lemon,Decaf
5/29/2010,7,256,112,Central,IL,Herbal Tea,Mint,Decaf
5/28/2010,8,49,12,Central,IA,Coffee,Amaretto,Regular
5/7/2010,9,521,165,Central,IA,Tea,Darjeeling,Regular
5/17/2010,10,589,190,Central,IA,Tea,Earl Grey,Regular
5/25/2010,11,49,12,Central,IA,Espresso,Caffe Mocha,Regular
5/7/2010,12,43,31,Central,IA,Espresso,Decaf Espresso,Decaf
5/24/2010,13,68,7,Central,IA,Coffee,Columbian,Regular
5/15/2010,14,52,11,Central,IA,Coffee,Decaf Irish Cream,Decaf
5/19/2010,15,612,231,Central,IA,Herbal Tea,Chamomile,Decaf
5/9/2010,16,312,122,Central,IA,Herbal Tea,Lemon,Decaf
5/3/2010,17,92,14,Central,MO,Tea,Darjeeling,Regular
5/10/2010,18,76,4,Central,MO,Tea,Earl Grey,Regular
5/29/2010,19,81,2,Central,MO,Tea,Green Tea,Regular
5/15/2010,20,109,41,Central,MO,Espresso,Caffe Mocha,Regular
5/9/2010,21,97,36,Central,MO,Espresso,Decaf Espresso,Decaf
5/24/2010,22,173,33,Central,MO,Coffee,Columbian,Regular
5/24/2010,23,148,38,Central,MO,Coffee,Decaf Irish Cream,Decaf
5/1/2010,0,104,8,Central,MO,Herbal Tea,Chamomile,Decaf
5/28/2010,1,136,15,Central,MO,Herbal Tea,Lemon,Decaf
5/25/2010,2,235,79,Central,OH,Tea,Darjeeling,Regular
5/11/2010,3,273,101,Central,OH,Tea,Earl Grey,Regular
5/21/2010,4,298,84,Central,OH,Espresso,Caffe Mocha,Regular
5/10/2010,5,118,11,Central,OH,Espresso,Decaf Espresso,Decaf
5/29/2010,6,123,27,Central,OH,Coffee,Amaretto,Regular
5/9/2010,7,103,24,Central,OH,Coffee,Columbian,Regular
5/6/2010,8,128,2,Central,OH,Coffee,Decaf Irish Cream,Decaf
5/24/2010,9,49,12,Central,OH,Herbal Tea,Chamomile,Decaf
5/15/2010,10,71,23,Central,OH,Herbal Tea,Lemon,Decaf
5/21/2010,11,110,27,Central,WI,Tea,Darjeeling,Regular
5/30/2010,12,154,2,Central,WI,Tea,Earl Grey,Regular
5/10/2010,13,170,47,Central,WI,Espresso,Caffe Mocha,Regular
5/3/2010,14,110,35,Central,WI,Espresso,Decaf Espresso,Decaf
5/25/2010,15,130,17,Central,WI,Coffee,Amaretto,Regular
5/12/2010,16,221,17,Central,WI,Coffee,Columbian,Regular
5/19/2010,17,204,62,Central,WI,Coffee,Decaf Irish Cream,Decaf
5/6/2010,18,130,45,Central,WI,Herbal Tea,Chamomile,Decaf
5/3/2010,19,130,51,Central,WI,Herbal Tea,Lemon,Decaf
5/5/2010,20,109,42,East,CT,Tea,Darjeeling,Regular
5/26/2010,21,57,17,East,CT,Tea,Green Tea,Regular
5/10/2010,22,154,3,East,CT,Espresso,Caffe Mocha,Regular
5/12/2010,23,113,22,East,CT,Espresso,Decaf Espresso,Decaf
5/21/2010,0,275,98,East,CT,Coffee,Columbian,Regular
5/26/2010,1,173,33,East,CT,Herbal Tea,Lemon,Decaf
5/24/2010,2,148,38,East,CT,Herbal Tea,Mint,Decaf
5/12/2010,3,89,32,East,FL,Tea,Darjeeling,Regular
5/6/2010,4,130,52,East,FL,Tea,Green Tea,Regular
5/21/2010,5,221,17,East,FL,Espresso,Caffe Mocha,Regular
5/1/2010,6,204,62,East,FL,Espresso,Decaf Espresso,Decaf
5/9/2010,7,235,78,East,FL,Coffee,Columbian,Regular
5/20/2010,8,273,100,East,FL,Coffee,Decaf Irish Cream,Decaf
5/19/2010,9,110,35,East,FL,Herbal Tea,Chamomile,Decaf
5/11/2010,10,130,17,East,FL,Herbal Tea,Lemon,Decaf
5/31/2010,11,170,47,East,FL,Herbal Tea,Mint,Decaf
5/4/2010,12,71,22,East,MA,Tea,Darjeeling,Regular
5/23/2010,13,49,12,East,MA,Tea,Green Tea,Regular
5/5/2010,14,114,16,East,MA,Espresso,Caffe Mocha,Regular
5/14/2010,15,298,84,East,MA,Espresso,Regular Espresso,Regular
5/26/2010,16,551,434,East,MA,Coffee,Columbian,Regular
5/12/2010,17,118,12,East,MA,Herbal Tea,Lemon,Decaf
5/3/2010,18,49,12,East,NH,Tea,Darjeeling,Regular
5/18/2010,19,43,32,East,NH,Tea,Green Tea,Regular
5/9/2010,20,104,7,East,NH,Espresso,Caffe Mocha,Regular
5/5/2010,21,76,3,East,NH,Espresso,Regular Espresso,Regular
5/22/2010,22,125,35,East,NH,Coffee,Amaretto,Regular
5/16/2010,23,132,31,East,NH,Coffee,Columbian,Regular
5/6/2010,0,81,1,East,NH,Herbal Tea,Lemon,Decaf
5/4/2010,1,256,112,East,NY,Tea,Darjeeling,Regular
5/7/2010,2,256,111,East,NY,Tea,Earl Grey,Regular
5/5/2010,3,210,89,East,NY,Tea,Green Tea,Regular
5/11/2010,4,69,195,East,NY,Espresso,Caffe Mocha,Regular
5/30/2010,5,543,187,East,NY,Espresso,Regular Espresso,Regular
5/17/2010,6,756,295,East,NY,Coffee,Columbian,Regular
5/8/2010,7,651,252,East,NY,Herbal Tea,Lemon,Decaf
5/14/2010,8,198,131,East,NY,Herbal Tea,Mint,Decaf
5/21/2010,9,110,28,South,LA,Espresso,Decaf Espresso,Decaf
5/17/2010,10,154,3,South,LA,Espresso,Caffe Latte,Regular
5/19/2010,11,130,44,South,LA,Espresso,Caffe Mocha,Regular
5/27/2010,12,111,35,South,LA,Herbal Tea,Chamomile,Decaf
5/12/2010,13,173,33,South,LA,Herbal Tea,Lemon,Decaf
5/24/2010,14,99,36,South,LA,Coffee,Columbian,Regular
5/5/2010,15,130,52,South,LA,Coffee,Decaf Irish Cream,Decaf
5/2/2010,16,92,14,South,NM,Espresso,Decaf Espresso,Decaf
5/11/2010,17,76,4,South,NM,Espresso,Caffe Latte,Regular
5/26/2010,18,104,7,South,NM,Espresso,Caffe Mocha,Regular
5/12/2010,19,49,12,South,NM,Herbal Tea,Chamomile,Decaf
5/31/2010,20,68,7,South,NM,Herbal Tea,Lemon,Decaf
5/19/2010,21,132,31,South,NM,Coffee,Columbian,Regular
5/11/2010,22,136,15,South,NM,Coffee,Decaf Irish Cream,Decaf
5/29/2010,23,235,79,South,OK,Espresso,Decaf Espresso,Decaf
5/28/2010,0,273,101,South,OK,Espresso,Caffe Latte,Regular
5/27/2010,1,49,13,South,OK,Espresso,Caffe Mocha,Regular
5/8/2010,2,130,17,South,OK,Herbal Tea,Chamomile,Decaf
5/9/2010,3,221,17,South,OK,Herbal Tea,Lemon,Decaf
5/25/2010,4,99,30,South,OK,Coffee,Columbian,Regular
5/22/2010,5,71,22,South,OK,Coffee,Decaf Irish Cream,Decaf
5/16/2010,6,210,88,South,TX,Espresso,Decaf Espresso,Decaf
5/30/2010,7,160,44,South,TX,Espresso,Caffe Latte,Regular
5/15/2010,8,256,112,South,TX,Espresso,Caffe Mocha,Regular
5/31/2010,9,123,27,South,TX,Herbal Tea,Chamomile,Decaf
5/16/2010,10,103,25,South,TX,Herbal Tea,Lemon,Decaf
5/16/2010,11,512,183,South,TX,Coffee,Columbian,Regular
5/24/2010,12,190,68,South,TX,Coffee,Decaf Irish Cream,Decaf
5/13/2010,13,97,36,West,UT,Espresso,Caffe Latte,Regular
5/15/2010,14,111,36,West,UT,Espresso,Caffe Mocha,Regular
5/5/2010,15,109,42,West,UT,Espresso,Decaf Espresso,Decaf
5/24/2010,16,148,38,West,UT,Coffee,Amaretto,Regular
5/18/2010,17,113,22,West,UT,Coffee,Columbian,Regular
5/21/2010,18,173,34,West,UT,Coffee,Decaf Irish Cream,Decaf
5/25/2010,19,125,34,West,UT,Herbal Tea,Chamomile,Decaf
5/7/2010,20,132,32,West,UT,Herbal Tea,Lemon,Decaf
5/27/2010,21,136,15,West,UT,Herbal Tea,Mint,Decaf
5/29/2010,22,104,8,West,UT,Tea,Darjeeling,Regular
5/10/2010,23,92,14,West,UT,Tea,Earl Grey,Regular
5/23/2010,0,76,3,West,UT,Tea,Green Tea,Regular
5/11/2010,1,521,165,West,CA,Espresso,Caffe Latte,Regular
5/9/2010,2,289,25,West,CA,Espresso,Caffe Mocha,Regular
5/6/2010,3,612,230,West,CA,Espresso,Decaf Espresso,Decaf
5/21/2010,4,106,84,West,CA,Coffee,Amaretto,Regular
5/17/2010,5,756,295,West,CA,Coffee,Columbian,Regular
5/26/2010,6,163,142,West,CA,Coffee,Decaf Irish Cream,Decaf
5/9/2010,7,256,111,West,CA,Herbal Tea,Chamomile,Decaf
5/6/2010,8,512,183,West,CA,Herbal Tea,Lemon,Decaf
5/14/2010,9,190,67,West,CA,Herbal Tea,Mint,Decaf
5/15/2010,10,256,111,West,CA,Tea,Darjeeling,Regular
5/25/2010,11,210,89,West,CA,Tea,Earl Grey,Regular
5/5/2010,12,160,43,West,CA,Tea,Green Tea,Regular
5/2/2010,13,43,31,West,NV,Espresso,Caffe Latte,Regular
5/20/2010,14,49,13,West,NV,Espresso,Caffe Mocha,Regular
5/1/2010,15,49,13,West,NV,Espresso,Decaf Espresso,Decaf
5/5/2010,16,81,1,West,NV,Coffee,Columbian,Regular
5/22/2010,17,289,25,West,NV,Herbal Tea,Chamomile,Decaf
5/16/2010,18,465,160,West,NV,Herbal Tea,Lemon,Decaf
5/17/2010,19,312,121,West,NV,Herbal Tea,Mint,Decaf
5/26/2010,20,612,231,West,NV,Tea,Darjeeling,Regular
5/25/2010,21,521,164,West,NV,Tea,Earl Grey,Regular
5/16/2010,22,18,380,West,NV,Tea,Green Tea,Regular
5/9/2010,23,68,6,West,NV,Coffee,Decaf Irish Cream,Decaf
5/4/2010,0,118,11,West,OR,Espresso,Caffe Latte,Regular
5/28/2010,1,123,27,West,OR,Espresso,Caffe Mocha,Regular
5/31/2010,2,298,83,West,OR,Espresso,Decaf Espresso,Decaf
5/30/2010,3,128,2,West,OR,Coffee,Amaretto,Regular
5/20/2010,4,116,8,West,OR,Coffee,Columbian,Regular
5/3/2010,5,75,26,West,OR,Herbal Tea,Chamomile,Decaf
5/3/2010,6,99,30,West,OR,Herbal Tea,Lemon,Decaf
5/6/2010,7,49,12,West,OR,Tea,Darjeeling,Regular
5/1/2010,8,235,79,West,OR,Tea,Earl Grey,Regular
5/23/2010,9,273,101,West,OR,Tea,Green Tea,Regular
5/5/2010,10,103,25,West,OR,Coffee,Decaf Irish Cream,Decaf
5/20/2010,11,110,34,West,WA,Espresso,Caffe Latte,Regular
5/25/2010,12,130,16,West,WA,Espresso,Caffe Mocha,Regular
5/18/2010,13,170,47,West,WA,Espresso,Decaf Espresso,Decaf
5/12/2010,14,175,58,West,WA,Coffee,Columbian,Regular
5/26/2010,15,275,98,West,WA,Herbal Tea,Chamomile,Decaf
5/10/2010,16,99,36,West,WA,Herbal Tea,Lemon,Decaf
5/10/2010,17,130,44,West,WA,Tea,Darjeeling,Regular
5/25/2010,18,110,27,West,WA,Tea,Earl Grey,Regular
5/16/2010,19,154,2,West,WA,Tea,Green Tea,Regular
5/9/2010,20,221,16,West,WA,Coffee,Decaf Irish Cream,Decaf
6/22/2010,21,115,11,Central,CO,Tea,Darjeeling,Regular
6/5/2010,22,117,27,Central,CO,Tea,Earl Grey,Regular
6/28/2010,23,99,29,Central,CO,Tea,Green Tea,Regular
6/7/2010,0,230,99,Central,CO,Espresso,Caffe Mocha,Regular
6/3/2010,1,135,33,Central,CO,Espresso,Decaf Espresso,Decaf
6/3/2010,2,276,121,Central,CO,Coffee,Amaretto,Regular
6/24/2010,3,190,68,Central,CO,Coffee,Columbian,Regular
6/25/2010,4,301,132,Central,CO,Coffee,Decaf Irish Cream,Decaf
6/23/2010,5,298,83,Central,CO,Herbal Tea,Chamomile,Decaf
6/23/2010,6,107,7,Central,CO,Herbal Tea,Lemon,Decaf
6/29/2010,7,118,24,Central,CO,Herbal Tea,Mint,Decaf
6/14/2010,8,230,99,Central,IL,Tea,Darjeeling,Regular
6/24/2010,9,135,33,Central,IL,Tea,Earl Grey,Regular
6/13/2010,10,634,241,Central,IL,Espresso,Caffe Mocha,Regular
6/29/2010,11,521,164,Central,IL,Espresso,Decaf Espresso,Decaf
6/1/2010,12,478,167,Central,IL,Coffee,Columbian,Regular
6/30/2010,13,345,135,Central,IL,Coffee,Decaf Irish Cream,Decaf
6/18/2010,14,276,121,Central,IL,Herbal Tea,Chamomile,Decaf
6/11/2010,15,190,67,Central,IL,Herbal Tea,Lemon,Decaf
6/17/2010,16,301,133,Central,IL,Herbal Tea,Mint,Decaf
6/9/2010,17,521,164,Central,IA,Tea,Darjeeling,Regular
6/5/2010,18,603,197,Central,IA,Tea,Earl Grey,Regular
6/20/2010,19,53,15,Central,IA,Espresso,Caffe Mocha,Regular
6/21/2010,20,43,31,Central,IA,Espresso,Decaf Espresso,Decaf
6/24/2010,21,58,18,Central,IA,Coffee,Amaretto,Regular
6/11/2010,22,70,8,Central,IA,Coffee,Columbian,Regular
6/8/2010,23,52,11,Central,IA,Coffee,Decaf Irish Cream,Decaf
6/11/2010,0,634,241,Central,IA,Herbal Tea,Chamomile,Decaf
6/10/2010,1,345,136,Central,IA,Herbal Tea,Lemon,Decaf
6/28/2010,2,96,14,Central,MO,Tea,Darjeeling,Regular
6/23/2010,3,78,3,Central,MO,Tea,Earl Grey,Regular
6/9/2010,4,82,0,Central,MO,Tea,Green Tea,Regular
6/19/2010,5,92,33,Central,MO,Espresso,Caffe Mocha,Regular
6/23/2010,6,89,31,Central,MO,Espresso,Decaf Espresso,Decaf
6/26/2010,7,169,31,Central,MO,Coffee,Columbian,Regular
6/28/2010,8,142,35,Central,MO,Coffee,Decaf Irish Cream,Decaf
6/18/2010,9,125,4,Central,MO,Herbal Tea,Chamomile,Decaf
6/3/2010,10,141,33,Central,MO,Herbal Tea,Lemon,Decaf
6/7/2010,11,278,99,Central,OH,Tea,Darjeeling,Regular
6/27/2010,12,282,105,Central,OH,Tea,Earl Grey,Regular
6/13/2010,13,298,83,Central,OH,Espresso,Caffe Mocha,Regular
6/20/2010,14,115,12,Central,OH,Espresso,Decaf Espresso,Decaf
6/24/2010,15,118,24,Central,OH,Coffee,Amaretto,Regular
6/8/2010,16,93,19,Central,OH,Coffee,Columbian,Regular
6/17/2010,17,107,6,Central,OH,Coffee,Decaf Irish Cream,Decaf
6/7/2010,18,44,9,Central,OH,Herbal Tea,Chamomile,Decaf
6/1/2010,19,60,18,Central,OH,Herbal Tea,Lemon,Decaf
6/23/2010,20,99,24,Central,WI,Tea,Darjeeling,Regular
6/1/2010,21,128,2,Central,WI,Tea,Earl Grey,Regular
6/12/2010,22,177,50,Central,WI,Espresso,Caffe Mocha,Regular
6/8/2010,23,110,34,Central,WI,Espresso,Decaf Espresso,Decaf
6/7/2010,0,133,19,Central,WI,Coffee,Amaretto,Regular
6/20/2010,1,264,24,Central,WI,Coffee,Columbian,Regular
6/28/2010,2,212,63,Central,WI,Coffee,Decaf Irish Cream,Decaf
6/1/2010,3,125,40,Central,WI,Herbal Tea,Chamomile,Decaf
6/23/2010,4,144,58,Central,WI,Herbal Tea,Lemon,Decaf
6/24/2010,5,92,33,East,CT,Tea,Darjeeling,Regular
6/28/2010,6,51,15,East,CT,Tea,Green Tea,Regular
6/30/2010,7,128,2,East,CT,Espresso,Caffe Mocha,Regular
6/4/2010,8,108,19,East,CT,Espresso,Decaf Espresso,Decaf
6/16/2010,9,232,79,East,CT,Coffee,Columbian,Regular
6/25/2010,10,169,32,East,CT,Herbal Tea,Lemon,Decaf
6/20/2010,11,142,36,East,CT,Herbal Tea,Mint,Decaf
6/29/2010,12,105,38,East,FL,Tea,Darjeeling,Regular
6/29/2010,13,144,58,East,FL,Tea,Green Tea,Regular
6/29/2010,14,264,25,East,FL,Espresso,Caffe Mocha,Regular
6/3/2010,15,212,63,East,FL,Espresso,Decaf Espresso,Decaf
6/14/2010,16,278,99,East,FL,Coffee,Columbian,Regular
6/10/2010,17,282,105,East,FL,Coffee,Decaf Irish Cream,Decaf
6/5/2010,18,110,35,East,FL,Herbal Tea,Chamomile,Decaf
6/5/2010,19,133,19,East,FL,Herbal Tea,Lemon,Decaf
6/25/2010,20,177,49,East,FL,Herbal Tea,Mint,Decaf
6/16/2010,21,60,19,East,MA,Tea,Darjeeling,Regular
6/29/2010,22,44,10,East,MA,Tea,Green Tea,Regular
6/30/2010,23,111,3,East,MA,Espresso,Caffe Mocha,Regular
6/13/2010,0,298,83,East,MA,Espresso,Regular Espresso,Regular
6/12/2010,1,649,547,East,MA,Coffee,Columbian,Regular
6/7/2010,2,115,12,East,MA,Herbal Tea,Lemon,Decaf
6/14/2010,3,58,17,East,NH,Tea,Darjeeling,Regular
6/8/2010,4,43,32,East,NH,Tea,Green Tea,Regular
6/14/2010,5,125,4,East,NH,Espresso,Caffe Mocha,Regular
6/13/2010,6,78,3,East,NH,Espresso,Regular Espresso,Regular
6/8/2010,7,138,41,East,NH,Coffee,Amaretto,Regular
6/5/2010,8,156,42,East,NH,Coffee,Columbian,Regular
6/13/2010,9,82,0,East,NH,Herbal Tea,Lemon,Decaf
6/16/2010,10,301,133,East,NY,Tea,Darjeeling,Regular
6/10/2010,11,276,121,East,NY,Tea,Earl Grey,Regular
6/21/2010,12,230,99,East,NY,Tea,Green Tea,Regular
6/14/2010,13,72,236,East,NY,Espresso,Caffe Mocha,Regular
6/14/2010,14,675,318,East,NY,Espresso,Regular Espresso,Regular
6/24/2010,15,890,357,East,NY,Coffee,Columbian,Regular
6/25/2010,16,669,263,East,NY,Herbal Tea,Lemon,Decaf
6/23/2010,17,198,143,East,NY,Herbal Tea,Mint,Decaf
6/24/2010,18,99,23,South,LA,Espresso,Decaf Espresso,Decaf
6/16/2010,19,128,3,South,LA,Espresso,Caffe Latte,Regular
6/17/2010,20,125,41,South,LA,Espresso,Caffe Mocha,Regular
6/19/2010,21,111,36,South,LA,Herbal Tea,Chamomile,Decaf
6/3/2010,22,169,32,South,LA,Herbal Tea,Lemon,Decaf
6/8/2010,23,107,40,South,LA,Coffee,Columbian,Regular
6/19/2010,0,144,58,South,LA,Coffee,Decaf Irish Cream,Decaf
6/10/2010,1,96,14,South,NM,Espresso,Decaf Espresso,Decaf
6/24/2010,2,78,3,South,NM,Espresso,Caffe Latte,Regular
6/9/2010,3,125,3,South,NM,Espresso,Caffe Mocha,Regular
6/2/2010,4,58,18,South,NM,Herbal Tea,Chamomile,Decaf
6/9/2010,5,70,8,South,NM,Herbal Tea,Lemon,Decaf
6/17/2010,6,156,43,South,NM,Coffee,Columbian,Regular
6/30/2010,7,141,34,South,NM,Coffee,Decaf Irish Cream,Decaf
6/21/2010,8,278,99,South,OK,Espresso,Decaf Espresso,Decaf
6/22/2010,9,282,105,South,OK,Espresso,Caffe Latte,Regular
6/17/2010,10,44,10,South,OK,Espresso,Caffe Mocha,Regular
6/17/2010,11,133,19,South,OK,Herbal Tea,Chamomile,Decaf
6/27/2010,12,264,25,South,OK,Herbal Tea,Lemon,Decaf
6/12/2010,13,99,29,South,OK,Coffee,Columbian,Regular
6/14/2010,14,60,19,South,OK,Coffee,Decaf Irish Cream,Decaf
6/7/2010,15,230,99,South,TX,Espresso,Decaf Espresso,Decaf
6/23/2010,16,135,33,South,TX,Espresso,Caffe Latte,Regular
6/17/2010,17,276,120,South,TX,Espresso,Caffe Mocha,Regular
6/11/2010,18,118,24,South,TX,Herbal Tea,Chamomile,Decaf
6/22/2010,19,93,20,South,TX,Herbal Tea,Lemon,Decaf
6/4/2010,20,532,192,South,TX,Coffee,Columbian,Regular
6/1/2010,21,190,68,South,TX,Coffee,Decaf Irish Cream,Decaf
6/18/2010,22,89,31,West,UT,Espresso,Caffe Latte,Regular
6/20/2010,23,111,35,West,UT,Espresso,Caffe Mocha,Regular
6/18/2010,0,92,34,West,UT,Espresso,Decaf Espresso,Decaf
6/28/2010,1,142,36,West,UT,Coffee,Amaretto,Regular
6/20/2010,2,108,19,West,UT,Coffee,Columbian,Regular
6/16/2010,3,138,42,West,UT,Herbal Tea,Chamomile,Decaf
6/8/2010,4,156,42,West,UT,Herbal Tea,Lemon,Decaf
6/2/2010,5,141,33,West,UT,Herbal Tea,Mint,Decaf
6/22/2010,6,125,3,West,UT,Tea,Darjeeling,Regular
6/5/2010,7,96,14,West,UT,Tea,Earl Grey,Regular
6/9/2010,8,78,3,West,UT,Tea,Green Tea,Regular
6/8/2010,9,169,32,West,UT,Coffee,Decaf Irish Cream,Decaf
6/17/2010,10,521,165,West,CA,Espresso,Caffe Latte,Regular
6/17/2010,11,345,36,West,CA,Espresso,Caffe Mocha,Regular
6/24/2010,12,634,240,West,CA,Espresso,Decaf Espresso,Decaf
6/27/2010,13,96,113,West,CA,Coffee,Amaretto,Regular
6/24/2010,14,890,357,West,CA,Coffee,Columbian,Regular
6/30/2010,15,301,133,West,CA,Herbal Tea,Chamomile,Decaf
6/6/2010,16,532,192,West,CA,Herbal Tea,Lemon,Decaf
6/28/2010,17,190,67,West,CA,Herbal Tea,Mint,Decaf
6/2/2010,18,276,120,West,CA,Tea,Darjeeling,Regular
6/8/2010,19,230,98,West,CA,Tea,Earl Grey,Regular
6/1/2010,20,135,32,West,CA,Tea,Green Tea,Regular
6/21/2010,21,169,142,West,CA,Coffee,Decaf Irish Cream,Decaf
6/28/2010,22,43,31,West,NV,Espresso,Caffe Latte,Regular
6/18/2010,23,58,18,West,NV,Espresso,Caffe Mocha,Regular
6/5/2010,0,53,15,West,NV,Espresso,Decaf Espresso,Decaf
6/16/2010,1,82,0,West,NV,Coffee,Columbian,Regular
6/18/2010,2,345,37,West,NV,Herbal Tea,Chamomile,Decaf
6/6/2010,3,478,166,West,NV,Herbal Tea,Lemon,Decaf
6/10/2010,4,345,136,West,NV,Herbal Tea,Mint,Decaf
6/22/2010,5,634,241,West,NV,Tea,Darjeeling,Regular
6/17/2010,6,521,165,West,NV,Tea,Earl Grey,Regular
6/5/2010,7,37,369,West,NV,Tea,Green Tea,Regular
6/12/2010,8,70,8,West,NV,Coffee,Decaf Irish Cream,Decaf
6/12/2010,9,115,11,West,OR,Espresso,Caffe Latte,Regular
6/18/2010,10,118,24,West,OR,Espresso,Caffe Mocha,Regular
6/1/2010,11,298,83,West,OR,Espresso,Decaf Espresso,Decaf
6/18/2010,12,107,6,West,OR,Coffee,Amaretto,Regular
6/28/2010,13,112,4,West,OR,Coffee,Columbian,Regular
6/4/2010,14,69,22,West,OR,Herbal Tea,Chamomile,Decaf
6/22/2010,15,99,30,West,OR,Herbal Tea,Lemon,Decaf
6/30/2010,16,44,9,West,OR,Tea,Darjeeling,Regular
6/19/2010,17,278,100,West,OR,Tea,Earl Grey,Regular
6/22/2010,18,282,105,West,OR,Tea,Green Tea,Regular
6/10/2010,19,93,20,West,OR,Coffee,Decaf Irish Cream,Decaf
6/14/2010,20,110,34,West,WA,Espresso,Caffe Latte,Regular
6/2/2010,21,133,18,West,WA,Espresso,Caffe Mocha,Regular
6/12/2010,22,177,49,West,WA,Espresso,Decaf Espresso,Decaf
6/11/2010,23,193,66,West,WA,Coffee,Columbian,Regular
6/9/2010,0,232,79,West,WA,Herbal Tea,Chamomile,Decaf
6/25/2010,1,107,40,West,WA,Herbal Tea,Lemon,Decaf
6/14/2010,2,125,41,West,WA,Tea,Darjeeling,Regular
6/25/2010,3,99,24,West,WA,Tea,Earl Grey,Regular
6/24/2010,4,128,3,West,WA,Tea,Green Tea,Regular
6/9/2010,5,264,24,West,WA,Coffee,Decaf Irish Cream,Decaf
7/3/2010,6,291,81,Central,CO,Herbal Tea,Chamomile,Decaf
7/2/2010,7,95,10,Central,CO,Herbal Tea,Lemon,Decaf
7/20/2010,8,110,21,Central,CO,Herbal Tea,Mint,Decaf
7/14/2010,9,115,12,Central,CO,Tea,Darjeeling,Regular
7/29/2010,10,109,23,Central,CO,Tea,Earl Grey,Regular
7/13/2010,11,94,27,Central,CO,Tea,Green Tea,Regular
7/5/2010,12,230,98,Central,CO,Espresso,Caffe Mocha,Regular
7/17/2010,13,131,31,Central,CO,Espresso,Decaf Espresso,Decaf
7/30/2010,14,312,139,Central,CO,Coffee,Decaf Irish Cream,Decaf
7/21/2010,15,256,111,Central,CO,Coffee,Amaretto,Regular
7/13/2010,16,199,71,Central,CO,Coffee,Columbian,Regular
7/9/2010,17,256,111,Central,IL,Herbal Tea,Chamomile,Decaf
7/27/2010,18,199,72,Central,IL,Herbal Tea,Lemon,Decaf
7/30/2010,19,312,139,Central,IL,Herbal Tea,Mint,Decaf
7/12/2010,20,230,99,Central,IL,Tea,Darjeeling,Regular
7/3/2010,21,131,31,Central,IL,Tea,Earl Grey,Regular
7/6/2010,22,678,259,Central,IL,Espresso,Caffe Mocha,Regular
7/18/2010,23,532,168,Central,IL,Espresso,Decaf Espresso,Decaf
7/6/2010,0,376,150,Central,IL,Coffee,Decaf Irish Cream,Decaf
7/10/2010,1,567,208,Central,IL,Coffee,Columbian,Regular
7/15/2010,2,678,258,Central,IA,Herbal Tea,Chamomile,Decaf
7/11/2010,3,376,150,Central,IA,Herbal Tea,Lemon,Decaf
7/10/2010,4,532,167,Central,IA,Tea,Darjeeling,Regular
7/15/2010,5,602,197,Central,IA,Tea,Earl Grey,Regular
7/8/2010,6,49,13,Central,IA,Espresso,Caffe Mocha,Regular
7/1/2010,7,43,31,Central,IA,Espresso,Decaf Espresso,Decaf
7/21/2010,8,54,12,Central,IA,Coffee,Decaf Irish Cream,Decaf
7/5/2010,9,61,17,Central,IA,Coffee,Amaretto,Regular
7/25/2010,10,75,9,Central,IA,Coffee,Columbian,Regular
7/13/2010,11,141,1,Central,MO,Herbal Tea,Chamomile,Decaf
7/11/2010,12,169,12,Central,MO,Herbal Tea,Lemon,Decaf
7/24/2010,13,103,17,Central,MO,Tea,Darjeeling,Regular
7/24/2010,14,89,1,Central,MO,Tea,Earl Grey,Regular
7/6/2010,15,82,0,Central,MO,Tea,Green Tea,Regular
7/4/2010,16,87,32,Central,MO,Espresso,Caffe Mocha,Regular
7/6/2010,17,96,35,Central,MO,Espresso,Decaf Espresso,Decaf
7/20/2010,18,132,32,Central,MO,Coffee,Decaf Irish Cream,Decaf
7/27/2010,19,169,31,Central,MO,Coffee,Columbian,Regular
7/16/2010,20,44,9,Central,OH,Herbal Tea,Chamomile,Decaf
7/6/2010,21,57,16,Central,OH,Herbal Tea,Lemon,Decaf
7/23/2010,22,286,104,Central,OH,Tea,Darjeeling,Regular
7/29/2010,23,336,128,Central,OH,Tea,Earl Grey,Regular
7/7/2010,0,291,81,Central,OH,Espresso,Caffe Mocha,Regular
7/27/2010,1,115,11,Central,OH,Espresso,Decaf Espresso,Decaf
7/7/2010,2,110,20,Central,OH,Coffee,Amaretto,Regular
7/26/2010,3,85,18,Central,OH,Coffee,Columbian,Regular
7/27/2010,4,95,9,Central,OH,Coffee,Decaf Irish Cream,Decaf
7/17/2010,5,104,29,Central,WI,Herbal Tea,Chamomile,Decaf
7/15/2010,6,144,58,Central,WI,Herbal Tea,Lemon,Decaf
7/28/2010,7,90,21,Central,WI,Tea,Darjeeling,Regular
7/3/2010,8,113,6,Central,WI,Tea,Earl Grey,Regular
7/16/2010,9,189,56,Central,WI,Espresso,Caffe Mocha,Regular
7/20/2010,10,115,36,Central,WI,Espresso,Decaf Espresso,Decaf
7/23/2010,11,133,18,Central,WI,Coffee,Amaretto,Regular
7/8/2010,12,297,32,Central,WI,Coffee,Columbian,Regular
7/1/2010,13,227,71,Central,WI,Coffee,Decaf Irish Cream,Decaf
7/5/2010,14,87,32,East,CT,Tea,Darjeeling,Regular
7/24/2010,15,51,15,East,CT,Tea,Green Tea,Regular
7/31/2010,16,169,32,East,CT,Herbal Tea,Lemon,Decaf
7/12/2010,17,132,33,East,CT,Herbal Tea,Mint,Decaf
7/31/2010,18,113,5,East,CT,Espresso,Caffe Mocha,Regular
7/11/2010,19,100,16,East,CT,Espresso,Decaf Espresso,Decaf
7/5/2010,20,225,75,East,CT,Coffee,Columbian,Regular
7/12/2010,21,110,41,East,FL,Tea,Darjeeling,Regular
7/18/2010,22,144,58,East,FL,Tea,Green Tea,Regular
7/20/2010,23,115,36,East,FL,Herbal Tea,Chamomile,Decaf
7/17/2010,0,133,19,East,FL,Herbal Tea,Lemon,Decaf
7/10/2010,1,189,55,East,FL,Herbal Tea,Mint,Decaf
7/5/2010,2,297,32,East,FL,Espresso,Caffe Mocha,Regular
7/5/2010,3,227,71,East,FL,Espresso,Decaf Espresso,Decaf
7/5/2010,4,286,104,East,FL,Coffee,Columbian,Regular
7/23/2010,5,336,129,East,FL,Coffee,Decaf Irish Cream,Decaf
7/15/2010,6,57,16,East,MA,Tea,Darjeeling,Regular
7/4/2010,7,44,9,East,MA,Tea,Green Tea,Regular
7/22/2010,8,115,11,East,MA,Herbal Tea,Lemon,Decaf
7/6/2010,9,111,7,East,MA,Espresso,Caffe Mocha,Regular
7/25/2010,10,291,81,East,MA,Espresso,Regular Espresso,Regular
7/16/2010,11,665,564,East,MA,Coffee,Columbian,Regular
7/18/2010,12,61,17,East,NH,Tea,Darjeeling,Regular
7/7/2010,13,43,31,East,NH,Tea,Green Tea,Regular
7/25/2010,14,82,0,East,NH,Herbal Tea,Lemon,Decaf
7/17/2010,15,141,1,East,NH,Espresso,Caffe Mocha,Regular
7/18/2010,16,89,0,East,NH,Espresso,Regular Espresso,Regular
7/14/2010,17,151,49,East,NH,Coffee,Amaretto,Regular
7/23/2010,18,160,43,East,NH,Coffee,Columbian,Regular
7/3/2010,19,312,138,East,NY,Tea,Darjeeling,Regular
7/19/2010,20,256,111,East,NY,Tea,Earl Grey,Regular
7/27/2010,21,230,98,East,NY,Tea,Green Tea,Regular
7/14/2010,22,793,388,East,NY,Herbal Tea,Lemon,Decaf
7/21/2010,23,198,164,East,NY,Herbal Tea,Mint,Decaf
7/10/2010,0,546,182,East,NY,Espresso,Regular Espresso,Regular
7/19/2010,1,77,266,East,NY,Espresso,Caffe Mocha,Regular
7/9/2010,2,912,370,East,NY,Coffee,Columbian,Regular
7/25/2010,3,144,58,South,LA,Coffee,Decaf Irish Cream,Decaf
7/25/2010,4,99,36,South,LA,Coffee,Columbian,Regular
7/30/2010,5,106,32,South,LA,Herbal Tea,Chamomile,Decaf
7/14/2010,6,169,31,South,LA,Herbal Tea,Lemon,Decaf
7/15/2010,7,113,6,South,LA,Espresso,Caffe Latte,Regular
7/19/2010,8,104,30,South,LA,Espresso,Caffe Mocha,Regular
7/27/2010,9,90,21,South,LA,Espresso,Decaf Espresso,Decaf
7/1/2010,10,169,11,South,NM,Coffee,Decaf Irish Cream,Decaf
7/6/2010,11,160,44,South,NM,Coffee,Columbian,Regular
7/30/2010,12,61,17,South,NM,Herbal Tea,Chamomile,Decaf
7/30/2010,13,75,10,South,NM,Herbal Tea,Lemon,Decaf
7/15/2010,14,89,1,South,NM,Espresso,Caffe Latte,Regular
7/26/2010,15,141,1,South,NM,Espresso,Caffe Mocha,Regular
7/29/2010,16,103,18,South,NM,Espresso,Decaf Espresso,Decaf
7/21/2010,17,57,16,South,OK,Coffee,Decaf Irish Cream,Decaf
7/12/2010,18,94,28,South,OK,Coffee,Columbian,Regular
7/13/2010,19,297,32,South,OK,Herbal Tea,Lemon,Decaf
7/14/2010,20,133,19,South,OK,Herbal Tea,Chamomile,Decaf
7/22/2010,21,336,128,South,OK,Espresso,Caffe Latte,Regular
7/15/2010,22,44,9,South,OK,Espresso,Caffe Mocha,Regular
7/30/2010,23,286,103,South,OK,Espresso,Decaf Espresso,Decaf
7/11/2010,0,199,71,South,TX,Coffee,Decaf Irish Cream,Decaf
7/11/2010,1,567,206,South,TX,Coffee,Columbian,Regular
7/28/2010,2,85,19,South,TX,Herbal Tea,Lemon,Decaf
7/17/2010,3,110,20,South,TX,Herbal Tea,Chamomile,Decaf
7/24/2010,4,131,30,South,TX,Espresso,Caffe Latte,Regular
7/4/2010,5,256,112,South,TX,Espresso,Caffe Mocha,Regular
7/15/2010,6,230,98,South,TX,Espresso,Decaf Espresso,Decaf
7/3/2010,7,132,32,West,UT,Coffee,Amaretto,Regular
7/21/2010,8,100,16,West,UT,Coffee,Columbian,Regular
7/22/2010,9,151,48,West,UT,Herbal Tea,Chamomile,Decaf
7/29/2010,10,160,44,West,UT,Herbal Tea,Lemon,Decaf
7/21/2010,11,169,12,West,UT,Herbal Tea,Mint,Decaf
7/22/2010,12,141,0,West,UT,Tea,Darjeeling,Regular
7/27/2010,13,103,17,West,UT,Tea,Earl Grey,Regular
7/15/2010,14,89,1,West,UT,Tea,Green Tea,Regular
7/15/2010,15,169,31,West,UT,Coffee,Decaf Irish Cream,Decaf
7/25/2010,16,96,36,West,UT,Espresso,Caffe Latte,Regular
7/26/2010,17,106,32,West,UT,Espresso,Caffe Mocha,Regular
7/6/2010,18,87,31,West,UT,Espresso,Decaf Espresso,Decaf
7/1/2010,19,87,138,West,CA,Coffee,Amaretto,Regular
7/2/2010,20,912,370,West,CA,Coffee,Columbian,Regular
7/5/2010,21,312,139,West,CA,Herbal Tea,Chamomile,Decaf
7/6/2010,22,567,205,West,CA,Herbal Tea,Lemon,Decaf
7/20/2010,23,199,72,West,CA,Herbal Tea,Mint,Decaf
7/1/2010,0,256,112,West,CA,Tea,Darjeeling,Regular
7/15/2010,1,230,98,West,CA,Tea,Earl Grey,Regular
7/22/2010,2,131,30,West,CA,Tea,Green Tea,Regular
7/4/2010,3,202,157,West,CA,Coffee,Decaf Irish Cream,Decaf
7/8/2010,4,532,167,West,CA,Espresso,Caffe Latte,Regular
7/9/2010,5,387,45,West,CA,Espresso,Caffe Mocha,Regular
7/6/2010,6,678,259,West,CA,Espresso,Decaf Espresso,Decaf
7/11/2010,7,82,1,West,NV,Coffee,Columbian,Regular
7/25/2010,8,387,45,West,NV,Herbal Tea,Chamomile,Decaf
7/10/2010,9,567,208,West,NV,Herbal Tea,Lemon,Decaf
7/25/2010,10,376,150,West,NV,Herbal Tea,Mint,Decaf
7/18/2010,11,678,258,West,NV,Tea,Darjeeling,Regular
7/18/2010,12,532,168,West,NV,Tea,Earl Grey,Regular
7/23/2010,13,27,378,West,NV,Tea,Green Tea,Regular
7/24/2010,14,75,9,West,NV,Coffee,Decaf Irish Cream,Decaf
7/28/2010,15,43,32,West,NV,Espresso,Caffe Latte,Regular
7/5/2010,16,61,17,West,NV,Espresso,Caffe Mocha,Regular
7/25/2010,17,49,12,West,NV,Espresso,Decaf Espresso,Decaf
7/6/2010,18,95,10,West,OR,Coffee,Amaretto,Regular
7/1/2010,19,94,0,West,OR,Coffee,Columbian,Regular
7/4/2010,20,74,24,West,OR,Herbal Tea,Chamomile,Decaf
7/5/2010,21,94,27,West,OR,Herbal Tea,Lemon,Decaf
7/4/2010,22,44,9,West,OR,Tea,Darjeeling,Regular
7/29/2010,23,286,104,West,OR,Tea,Earl Grey,Regular
7/9/2010,0,336,129,West,OR,Tea,Green Tea,Regular
7/30/2010,1,85,18,West,OR,Coffee,Decaf Irish Cream,Decaf
7/20/2010,2,115,12,West,OR,Espresso,Caffe Latte,Regular
7/28/2010,3,110,20,West,OR,Espresso,Caffe Mocha,Regular
7/12/2010,4,291,81,West,OR,Espresso,Decaf Espresso,Decaf
7/8/2010,5,225,75,West,WA,Herbal Tea,Chamomile,Decaf
7/6/2010,6,99,37,West,WA,Herbal Tea,Lemon,Decaf
7/17/2010,7,104,29,West,WA,Tea,Darjeeling,Regular
7/8/2010,8,90,20,West,WA,Tea,Earl Grey,Regular
7/10/2010,9,113,5,West,WA,Tea,Green Tea,Regular
7/1/2010,10,211,75,West,WA,Coffee,Columbian,Regular
7/19/2010,11,297,31,West,WA,Coffee,Decaf Irish Cream,Decaf
7/30/2010,12,115,36,West,WA,Espresso,Caffe Latte,Regular
7/27/2010,13,133,18,West,WA,Espresso,Caffe Mocha,Regular
7/1/2010,14,189,56,West,WA,Espresso,Decaf Espresso,Decaf
8/20/2010,15,291,82,Central,CO,Herbal Tea,Chamomile,Decaf
8/12/2010,16,89,10,Central,CO,Herbal Tea,Lemon,Decaf
8/4/2010,17,108,20,Central,CO,Herbal Tea,Mint,Decaf
8/17/2010,18,109,9,Central,CO,Tea,Darjeeling,Regular
8/13/2010,19,91,16,Central,CO,Tea,Earl Grey,Regular
8/17/2010,20,155,53,Central,CO,Tea,Green Tea,Regular
8/28/2010,21,245,105,Central,CO,Espresso,Caffe Mocha,Regular
8/5/2010,22,131,30,Central,CO,Espresso,Decaf Espresso,Decaf
8/14/2010,23,323,144,Central,CO,Coffee,Decaf Irish Cream,Decaf
8/2/2010,0,301,133,Central,CO,Coffee,Amaretto,Regular
8/12/2010,1,120,39,Central,CO,Coffee,Columbian,Regular
8/23/2010,2,301,132,Central,IL,Herbal Tea,Chamomile,Decaf
8/3/2010,3,120,39,Central,IL,Herbal Tea,Lemon,Decaf
8/21/2010,4,323,143,Central,IL,Herbal Tea,Mint,Decaf
8/10/2010,5,245,105,Central,IL,Tea,Darjeeling,Regular
8/19/2010,6,131,30,Central,IL,Tea,Earl Grey,Regular
8/5/2010,7,687,262,Central,IL,Espresso,Caffe Mocha,Regular
8/14/2010,8,532,167,Central,IL,Espresso,Decaf Espresso,Decaf
8/1/2010,9,376,150,Central,IL,Coffee,Decaf Irish Cream,Decaf
8/8/2010,10,467,163,Central,IL,Coffee,Columbian,Regular
8/9/2010,11,687,262,Central,IA,Herbal Tea,Chamomile,Decaf
8/16/2010,12,376,151,Central,IA,Herbal Tea,Lemon,Decaf
8/7/2010,13,532,167,Central,IA,Tea,Darjeeling,Regular
8/11/2010,14,632,207,Central,IA,Tea,Earl Grey,Regular
8/24/2010,15,58,18,Central,IA,Espresso,Caffe Mocha,Regular
8/13/2010,16,43,31,Central,IA,Espresso,Decaf Espresso,Decaf
8/2/2010,17,90,15,Central,IA,Coffee,Columbian,Regular
8/13/2010,18,32,1,Central,IA,Coffee,Decaf Irish Cream,Decaf
8/15/2010,19,63,19,Central,IA,Coffee,Amaretto,Regular
8/26/2010,20,151,2,Central,MO,Herbal Tea,Chamomile,Decaf
8/10/2010,21,139,41,Central,MO,Herbal Tea,Lemon,Decaf
8/26/2010,22,105,19,Central,MO,Tea,Darjeeling,Regular
8/18/2010,23,65,9,Central,MO,Tea,Earl Grey,Regular
8/2/2010,0,86,1,Central,MO,Tea,Green Tea,Regular
8/9/2010,1,83,29,Central,MO,Espresso,Caffe Mocha,Regular
8/19/2010,2,80,28,Central,MO,Espresso,Decaf Espresso,Decaf
8/15/2010,3,160,27,Central,MO,Coffee,Columbian,Regular
8/7/2010,4,110,24,Central,MO,Coffee,Decaf Irish Cream,Decaf
8/8/2010,5,41,9,Central,OH,Herbal Tea,Chamomile,Decaf
8/25/2010,6,55,16,Central,OH,Herbal Tea,Lemon,Decaf
8/20/2010,7,286,103,Central,OH,Tea,Darjeeling,Regular
8/5/2010,8,277,103,Central,OH,Tea,Earl Grey,Regular
8/23/2010,9,291,81,Central,OH,Espresso,Caffe Mocha,Regular
8/13/2010,10,109,8,Central,OH,Espresso,Decaf Espresso,Decaf
8/15/2010,11,108,19,Central,OH,Coffee,Amaretto,Regular
8/22/2010,12,85,19,Central,OH,Coffee,Columbian,Regular
8/13/2010,13,89,11,Central,OH,Coffee,Decaf Irish Cream,Decaf
8/1/2010,14,126,41,Central,WI,Herbal Tea,Chamomile,Decaf
8/3/2010,15,154,63,Central,WI,Herbal Tea,Lemon,Decaf
8/19/2010,16,90,20,Central,WI,Tea,Darjeeling,Regular
8/14/2010,17,105,7,Central,WI,Tea,Earl Grey,Regular
8/29/2010,18,226,70,Central,WI,Espresso,Caffe Mocha,Regular
8/3/2010,19,69,18,Central,WI,Espresso,Decaf Espresso,Decaf
8/12/2010,20,140,21,Central,WI,Coffee,Amaretto,Regular
8/17/2010,21,317,35,Central,WI,Coffee,Columbian,Regular
8/4/2010,22,231,73,Central,WI,Coffee,Decaf Irish Cream,Decaf
8/29/2010,23,83,28,East,CT,Tea,Darjeeling,Regular
8/20/2010,0,47,12,East,CT,Tea,Green Tea,Regular
8/29/2010,1,160,28,East,CT,Herbal Tea,Lemon,Decaf
8/20/2010,2,110,24,East,CT,Herbal Tea,Mint,Decaf
8/1/2010,3,105,8,East,CT,Espresso,Caffe Mocha,Regular
8/10/2010,4,98,16,East,CT,Espresso,Decaf Espresso,Decaf
8/4/2010,5,225,75,East,CT,Coffee,Columbian,Regular
8/20/2010,6,114,44,East,FL,Tea,Darjeeling,Regular
8/2/2010,7,154,63,East,FL,Tea,Green Tea,Regular
8/21/2010,8,69,18,East,FL,Herbal Tea,Chamomile,Decaf
8/15/2010,9,140,20,East,FL,Herbal Tea,Lemon,Decaf
8/10/2010,10,226,70,East,FL,Herbal Tea,Mint,Decaf
8/17/2010,11,317,35,East,FL,Espresso,Caffe Mocha,Regular
8/22/2010,12,231,73,East,FL,Espresso,Decaf Espresso,Decaf
8/26/2010,13,286,104,East,FL,Coffee,Columbian,Regular
8/10/2010,14,277,102,East,FL,Coffee,Decaf Irish Cream,Decaf
8/10/2010,15,55,16,East,MA,Tea,Darjeeling,Regular
8/11/2010,16,41,9,East,MA,Tea,Green Tea,Regular
8/21/2010,17,109,9,East,MA,Herbal Tea,Lemon,Decaf
8/27/2010,18,105,6,East,MA,Espresso,Caffe Mocha,Regular
8/24/2010,19,291,82,East,MA,Espresso,Regular Espresso,Regular
8/28/2010,20,664,563,East,MA,Coffee,Columbian,Regular
8/28/2010,21,63,20,East,NH,Tea,Darjeeling,Regular
8/6/2010,22,43,31,East,NH,Tea,Green Tea,Regular
8/27/2010,23,86,1,East,NH,Herbal Tea,Lemon,Decaf
8/30/2010,0,151,1,East,NH,Espresso,Caffe Mocha,Regular
8/24/2010,1,65,9,East,NH,Espresso,Regular Espresso,Regular
8/28/2010,2,151,48,East,NH,Coffee,Amaretto,Regular
8/3/2010,3,160,44,East,NH,Coffee,Columbian,Regular
8/21/2010,4,323,144,East,NY,Tea,Darjeeling,Regular
8/11/2010,5,301,133,East,NY,Tea,Earl Grey,Regular
8/20/2010,6,245,105,East,NY,Tea,Green Tea,Regular
8/28/2010,7,653,229,East,NY,Herbal Tea,Lemon,Decaf
8/12/2010,8,124,304,East,NY,Herbal Tea,Mint,Decaf
8/24/2010,9,543,179,East,NY,Espresso,Regular Espresso,Regular
8/6/2010,10,78,284,East,NY,Espresso,Caffe Mocha,Regular
8/17/2010,11,910,368,East,NY,Coffee,Columbian,Regular
8/20/2010,12,154,63,South,LA,Coffee,Decaf Irish Cream,Decaf
8/23/2010,13,118,46,South,LA,Coffee,Columbian,Regular
8/10/2010,14,176,61,South,LA,Herbal Tea,Chamomile,Decaf
8/9/2010,15,160,28,South,LA,Herbal Tea,Lemon,Decaf
8/29/2010,16,105,7,South,LA,Espresso,Caffe Latte,Regular
8/20/2010,17,126,41,South,LA,Espresso,Caffe Mocha,Regular
8/3/2010,18,90,21,South,LA,Espresso,Decaf Espresso,Decaf
8/20/2010,19,139,42,South,NM,Coffee,Decaf Irish Cream,Decaf
8/6/2010,20,160,44,South,NM,Coffee,Columbian,Regular
8/25/2010,21,63,19,South,NM,Herbal Tea,Chamomile,Decaf
8/27/2010,22,90,15,South,NM,Herbal Tea,Lemon,Decaf
8/11/2010,23,65,8,South,NM,Espresso,Caffe Latte,Regular
8/5/2010,0,151,2,South,NM,Espresso,Caffe Mocha,Regular
8/24/2010,1,105,18,South,NM,Espresso,Decaf Espresso,Decaf
8/10/2010,2,55,16,South,OK,Coffee,Decaf Irish Cream,Decaf
8/8/2010,3,155,53,South,OK,Coffee,Columbian,Regular
8/7/2010,4,317,34,South,OK,Herbal Tea,Lemon,Decaf
8/3/2010,5,140,20,South,OK,Herbal Tea,Chamomile,Decaf
8/18/2010,6,277,102,South,OK,Espresso,Caffe Latte,Regular
8/13/2010,7,41,10,South,OK,Espresso,Caffe Mocha,Regular
8/24/2010,8,286,103,South,OK,Espresso,Decaf Espresso,Decaf
8/16/2010,9,120,39,South,TX,Coffee,Decaf Irish Cream,Decaf
8/12/2010,10,678,250,South,TX,Coffee,Columbian,Regular
8/2/2010,11,85,19,South,TX,Herbal Tea,Lemon,Decaf
8/7/2010,12,108,19,South,TX,Herbal Tea,Chamomile,Decaf
8/17/2010,13,131,30,South,TX,Espresso,Caffe Latte,Regular
8/13/2010,14,301,133,South,TX,Espresso,Caffe Mocha,Regular
8/28/2010,15,245,105,South,TX,Espresso,Decaf Espresso,Decaf
8/2/2010,16,110,24,West,UT,Coffee,Amaretto,Regular
8/14/2010,17,98,15,West,UT,Coffee,Columbian,Regular
8/17/2010,18,151,49,West,UT,Herbal Tea,Chamomile,Decaf
8/5/2010,19,160,44,West,UT,Herbal Tea,Lemon,Decaf
8/17/2010,20,139,41,West,UT,Herbal Tea,Mint,Decaf
8/27/2010,21,151,2,West,UT,Tea,Darjeeling,Regular
8/7/2010,22,105,19,West,UT,Tea,Earl Grey,Regular
8/5/2010,23,65,9,West,UT,Tea,Green Tea,Regular
8/2/2010,0,160,27,West,UT,Coffee,Decaf Irish Cream,Decaf
8/21/2010,1,80,28,West,UT,Espresso,Caffe Latte,Regular
8/1/2010,2,176,62,West,UT,Espresso,Caffe Mocha,Regular
8/10/2010,3,83,28,West,UT,Espresso,Decaf Espresso,Decaf
8/31/2010,4,87,139,West,CA,Coffee,Amaretto,Regular
8/24/2010,5,910,368,West,CA,Coffee,Columbian,Regular
8/8/2010,6,323,143,West,CA,Herbal Tea,Chamomile,Decaf
8/22/2010,7,678,249,West,CA,Herbal Tea,Lemon,Decaf
8/5/2010,8,120,38,West,CA,Herbal Tea,Mint,Decaf
8/20/2010,9,301,133,West,CA,Tea,Darjeeling,Regular
8/27/2010,10,245,105,West,CA,Tea,Earl Grey,Regular
8/28/2010,11,131,30,West,CA,Tea,Green Tea,Regular
8/11/2010,12,166,137,West,CA,Coffee,Decaf Irish Cream,Decaf
8/16/2010,13,532,167,West,CA,Espresso,Caffe Latte,Regular
8/22/2010,14,412,50,West,CA,Espresso,Caffe Mocha,Regular
8/22/2010,15,687,262,West,CA,Espresso,Decaf Espresso,Decaf
8/15/2010,16,86,1,West,NV,Coffee,Columbian,Regular
8/12/2010,17,412,49,West,NV,Herbal Tea,Chamomile,Decaf
8/9/2010,18,467,163,West,NV,Herbal Tea,Lemon,Decaf
8/3/2010,19,376,150,West,NV,Herbal Tea,Mint,Decaf
8/14/2010,20,687,262,West,NV,Tea,Darjeeling,Regular
8/6/2010,21,532,167,West,NV,Tea,Earl Grey,Regular
8/13/2010,22,21,404,West,NV,Tea,Green Tea,Regular
8/29/2010,23,90,16,West,NV,Coffee,Decaf Irish Cream,Decaf
8/16/2010,0,43,32,West,NV,Espresso,Caffe Latte,Regular
8/29/2010,1,63,19,West,NV,Espresso,Caffe Mocha,Regular
8/3/2010,2,58,17,West,NV,Espresso,Decaf Espresso,Decaf
8/31/2010,3,89,11,West,OR,Coffee,Amaretto,Regular
8/3/2010,4,114,8,West,OR,Coffee,Columbian,Regular
8/10/2010,5,62,19,West,OR,Herbal Tea,Chamomile,Decaf
8/25/2010,6,155,53,West,OR,Herbal Tea,Lemon,Decaf
8/19/2010,7,41,9,West,OR,Tea,Darjeeling,Regular
8/15/2010,8,286,104,West,OR,Tea,Earl Grey,Regular
8/10/2010,9,277,102,West,OR,Tea,Green Tea,Regular
8/5/2010,10,85,19,West,OR,Coffee,Decaf Irish Cream,Decaf
8/10/2010,11,109,9,West,OR,Espresso,Caffe Latte,Regular
8/6/2010,12,108,19,West,OR,Espresso,Caffe Mocha,Regular
8/10/2010,13,291,81,West,OR,Espresso,Decaf Espresso,Decaf
8/4/2010,14,225,75,West,WA,Herbal Tea,Chamomile,Decaf
8/26/2010,15,118,45,West,WA,Herbal Tea,Lemon,Decaf
8/31/2010,16,126,42,West,WA,Tea,Darjeeling,Regular
8/7/2010,17,90,20,West,WA,Tea,Earl Grey,Regular
8/22/2010,18,105,8,West,WA,Tea,Green Tea,Regular
8/2/2010,19,211,76,West,WA,Coffee,Columbian,Regular
8/20/2010,20,317,34,West,WA,Coffee,Decaf Irish Cream,Decaf
8/21/2010,21,69,17,West,WA,Espresso,Caffe Latte,Regular
8/2/2010,22,140,20,West,WA,Espresso,Caffe Mocha,Regular
8/1/2010,23,226,71,West,WA,Espresso,Decaf Espresso,Decaf
9/5/2010,0,310,87,Central,CO,Herbal Tea,Chamomile,Decaf
9/26/2010,1,126,2,Central,CO,Herbal Tea,Lemon,Decaf
9/9/2010,2,125,27,Central,CO,Herbal Tea,Mint,Decaf
9/16/2010,3,102,7,Central,CO,Tea,Darjeeling,Regular
9/16/2010,4,113,25,Central,CO,Tea,Earl Grey,Regular
9/18/2010,5,140,47,Central,CO,Tea,Green Tea,Regular
9/10/2010,6,199,84,Central,CO,Espresso,Caffe Mocha,Regular
9/13/2010,7,150,39,Central,CO,Espresso,Decaf Espresso,Decaf
9/13/2010,8,302,134,Central,CO,Coffee,Amaretto,Regular
9/30/2010,9,132,42,Central,CO,Coffee,Columbian,Regular
9/2/2010,10,245,106,Central,CO,Coffee,Decaf Irish Cream,Decaf
9/12/2010,11,302,133,Central,IL,Herbal Tea,Chamomile,Decaf
9/24/2010,12,132,43,Central,IL,Herbal Tea,Lemon,Decaf
9/18/2010,13,245,106,Central,IL,Herbal Tea,Mint,Decaf
9/10/2010,14,199,84,Central,IL,Tea,Darjeeling,Regular
9/28/2010,15,150,40,Central,IL,Tea,Earl Grey,Regular
9/3/2010,16,589,220,Central,IL,Espresso,Caffe Mocha,Regular
9/10/2010,17,498,155,Central,IL,Espresso,Decaf Espresso,Decaf
9/27/2010,18,387,129,Central,IL,Coffee,Columbian,Regular
9/20/2010,19,298,115,Central,IL,Coffee,Decaf Irish Cream,Decaf
9/21/2010,20,589,220,Central,IA,Herbal Tea,Chamomile,Decaf
9/15/2010,21,298,115,Central,IA,Herbal Tea,Lemon,Decaf
9/5/2010,22,498,155,Central,IA,Tea,Darjeeling,Regular
9/29/2010,23,672,223,Central,IA,Tea,Earl Grey,Regular
9/27/2010,0,58,18,Central,IA,Espresso,Caffe Mocha,Regular
9/14/2010,1,43,32,Central,IA,Espresso,Decaf Espresso,Decaf
9/26/2010,2,48,13,Central,IA,Coffee,Amaretto,Regular
9/10/2010,3,72,7,Central,IA,Coffee,Columbian,Regular
9/12/2010,4,35,3,Central,IA,Coffee,Decaf Irish Cream,Decaf
9/24/2010,5,106,7,Central,MO,Herbal Tea,Chamomile,Decaf
9/3/2010,6,115,44,Central,MO,Herbal Tea,Lemon,Decaf
9/29/2010,7,91,13,Central,MO,Tea,Darjeeling,Regular
9/1/2010,8,54,12,Central,MO,Tea,Earl Grey,Regular
9/9/2010,9,91,2,Central,MO,Tea,Green Tea,Regular
9/2/2010,10,108,41,Central,MO,Espresso,Caffe Mocha,Regular
9/14/2010,11,79,27,Central,MO,Espresso,Decaf Espresso,Decaf
9/24/2010,12,150,25,Central,MO,Coffee,Columbian,Regular
9/28/2010,13,136,34,Central,MO,Coffee,Decaf Irish Cream,Decaf
9/16/2010,14,50,14,Central,OH,Herbal Tea,Chamomile,Decaf
9/25/2010,15,72,23,Central,OH,Herbal Tea,Lemon,Decaf
9/17/2010,16,249,87,Central,OH,Tea,Darjeeling,Regular
9/23/2010,17,230,81,Central,OH,Tea,Earl Grey,Regular
9/1/2010,18,310,87,Central,OH,Espresso,Caffe Mocha,Regular
9/15/2010,19,102,6,Central,OH,Espresso,Decaf Espresso,Decaf
9/8/2010,20,125,28,Central,OH,Coffee,Amaretto,Regular
9/10/2010,21,107,29,Central,OH,Coffee,Columbian,Regular
9/30/2010,22,126,3,Central,OH,Coffee,Decaf Irish Cream,Decaf
9/7/2010,23,151,53,Central,WI,Herbal Tea,Chamomile,Decaf
9/16/2010,0,126,50,Central,WI,Herbal Tea,Lemon,Decaf
9/7/2010,1,113,31,Central,WI,Tea,Darjeeling,Regular
9/18/2010,2,149,2,Central,WI,Tea,Earl Grey,Regular
9/30/2010,3,182,53,Central,WI,Espresso,Caffe Mocha,Regular
9/4/2010,4,76,21,Central,WI,Espresso,Decaf Espresso,Decaf
9/29/2010,5,149,23,Central,WI,Coffee,Amaretto,Regular
9/4/2010,6,223,16,Central,WI,Coffee,Columbian,Regular
9/6/2010,7,199,58,Central,WI,Coffee,Decaf Irish Cream,Decaf
9/20/2010,8,108,41,East,CT,Tea,Darjeeling,Regular
9/4/2010,9,57,17,East,CT,Tea,Green Tea,Regular
9/3/2010,10,150,24,East,CT,Herbal Tea,Lemon,Decaf
9/20/2010,11,136,33,East,CT,Herbal Tea,Mint,Decaf
9/1/2010,12,149,2,East,CT,Espresso,Caffe Mocha,Regular
9/30/2010,13,113,23,East,CT,Espresso,Decaf Espresso,Decaf
9/17/2010,14,258,91,East,CT,Coffee,Columbian,Regular
9/12/2010,15,87,32,East,FL,Tea,Darjeeling,Regular
9/22/2010,16,126,49,East,FL,Tea,Green Tea,Regular
9/29/2010,17,76,21,East,FL,Herbal Tea,Chamomile,Decaf
9/12/2010,18,149,24,East,FL,Herbal Tea,Lemon,Decaf
9/21/2010,19,182,53,East,FL,Herbal Tea,Mint,Decaf
9/19/2010,20,199,58,East,FL,Espresso,Decaf Espresso,Decaf
9/24/2010,21,223,17,East,FL,Espresso,Caffe Mocha,Regular
9/18/2010,22,249,86,East,FL,Coffee,Columbian,Regular
9/12/2010,23,230,81,East,FL,Coffee,Decaf Irish Cream,Decaf
9/26/2010,0,72,23,East,MA,Tea,Darjeeling,Regular
9/7/2010,1,50,13,East,MA,Tea,Green Tea,Regular
9/24/2010,2,102,6,East,MA,Herbal Tea,Lemon,Decaf
9/30/2010,3,310,87,East,MA,Espresso,Regular Espresso,Regular
9/9/2010,4,98,31,East,MA,Espresso,Caffe Mocha,Regular
9/22/2010,5,576,465,East,MA,Coffee,Columbian,Regular
9/20/2010,6,48,12,East,NH,Tea,Darjeeling,Regular
9/13/2010,7,43,31,East,NH,Tea,Green Tea,Regular
9/15/2010,8,91,2,East,NH,Herbal Tea,Lemon,Decaf
9/29/2010,9,54,12,East,NH,Espresso,Regular Espresso,Regular
9/29/2010,10,106,7,East,NH,Espresso,Caffe Mocha,Regular
9/22/2010,11,120,33,East,NH,Coffee,Amaretto,Regular
9/12/2010,12,139,34,East,NH,Coffee,Columbian,Regular
9/2/2010,13,245,106,East,NY,Tea,Darjeeling,Regular
9/18/2010,14,302,133,East,NY,Tea,Earl Grey,Regular
9/17/2010,15,199,84,East,NY,Tea,Green Tea,Regular
9/11/2010,16,541,92,East,NY,Herbal Tea,Lemon,Decaf
9/27/2010,17,112,238,East,NY,Herbal Tea,Mint,Decaf
9/19/2010,18,567,224,East,NY,Espresso,Regular Espresso,Regular
9/19/2010,19,68,197,East,NY,Espresso,Caffe Mocha,Regular
9/9/2010,20,790,312,East,NY,Coffee,Columbian,Regular
9/3/2010,21,126,50,South,LA,Coffee,Decaf Irish Cream,Decaf
9/9/2010,22,119,46,South,LA,Coffee,Columbian,Regular
9/8/2010,23,159,55,South,LA,Herbal Tea,Chamomile,Decaf
9/11/2010,0,150,25,South,LA,Herbal Tea,Lemon,Decaf
9/26/2010,1,149,2,South,LA,Espresso,Caffe Latte,Regular
9/5/2010,2,151,53,South,LA,Espresso,Caffe Mocha,Regular
9/5/2010,3,113,31,South,LA,Espresso,Decaf Espresso,Decaf
9/16/2010,4,115,44,South,NM,Coffee,Decaf Irish Cream,Decaf
9/19/2010,5,139,34,South,NM,Coffee,Columbian,Regular
9/5/2010,6,48,13,South,NM,Herbal Tea,Chamomile,Decaf
9/20/2010,7,72,8,South,NM,Herbal Tea,Lemon,Decaf
9/26/2010,8,54,12,South,NM,Espresso,Caffe Latte,Regular
9/24/2010,9,106,8,South,NM,Espresso,Caffe Mocha,Regular
9/8/2010,10,91,13,South,NM,Espresso,Decaf Espresso,Decaf
9/10/2010,11,72,23,South,OK,Coffee,Decaf Irish Cream,Decaf
9/6/2010,12,140,47,South,OK,Coffee,Columbian,Regular
9/14/2010,13,149,24,South,OK,Herbal Tea,Chamomile,Decaf
9/10/2010,14,223,16,South,OK,Herbal Tea,Lemon,Decaf
9/9/2010,15,230,82,South,OK,Espresso,Caffe Latte,Regular
9/28/2010,16,50,13,South,OK,Espresso,Caffe Mocha,Regular
9/12/2010,17,249,87,South,OK,Espresso,Decaf Espresso,Decaf
9/12/2010,18,132,42,South,TX,Coffee,Decaf Irish Cream,Decaf
9/18/2010,19,546,197,South,TX,Coffee,Columbian,Regular
9/3/2010,20,125,27,South,TX,Herbal Tea,Chamomile,Decaf
9/7/2010,21,107,28,South,TX,Herbal Tea,Lemon,Decaf
9/22/2010,22,150,39,South,TX,Espresso,Caffe Latte,Regular
9/18/2010,23,302,134,South,TX,Espresso,Caffe Mocha,Regular
9/7/2010,0,199,85,South,TX,Espresso,Decaf Espresso,Decaf
9/26/2010,1,136,33,West,UT,Coffee,Amaretto,Regular
9/13/2010,2,113,22,West,UT,Coffee,Columbian,Regular
9/17/2010,3,120,34,West,UT,Herbal Tea,Chamomile,Decaf
9/16/2010,4,139,34,West,UT,Herbal Tea,Lemon,Decaf
9/6/2010,5,115,45,West,UT,Herbal Tea,Mint,Decaf
9/3/2010,6,106,7,West,UT,Tea,Darjeeling,Regular
9/14/2010,7,91,12,West,UT,Tea,Earl Grey,Regular
9/1/2010,8,54,13,West,UT,Tea,Green Tea,Regular
9/14/2010,9,150,24,West,UT,Coffee,Decaf Irish Cream,Decaf
9/17/2010,10,79,27,West,UT,Espresso,Caffe Latte,Regular
9/20/2010,11,159,56,West,UT,Espresso,Caffe Mocha,Regular
9/2/2010,12,108,40,West,UT,Espresso,Decaf Espresso,Decaf
9/22/2010,13,109,74,West,CA,Coffee,Amaretto,Regular
9/6/2010,14,790,313,West,CA,Coffee,Columbian,Regular
9/18/2010,15,245,105,West,CA,Herbal Tea,Chamomile,Decaf
9/19/2010,16,546,196,West,CA,Herbal Tea,Lemon,Decaf
9/24/2010,17,132,43,West,CA,Herbal Tea,Mint,Decaf
9/2/2010,18,302,134,West,CA,Tea,Darjeeling,Regular
9/26/2010,19,199,84,West,CA,Tea,Earl Grey,Regular
9/12/2010,20,150,39,West,CA,Tea,Green Tea,Regular
9/12/2010,21,138,120,West,CA,Coffee,Decaf Irish Cream,Decaf
9/10/2010,22,498,156,West,CA,Espresso,Caffe Latte,Regular
9/17/2010,23,290,26,West,CA,Espresso,Caffe Mocha,Regular
9/9/2010,0,589,220,West,CA,Espresso,Decaf Espresso,Decaf
9/11/2010,1,91,2,West,NV,Coffee,Columbian,Regular
9/11/2010,2,290,26,West,NV,Herbal Tea,Chamomile,Decaf
9/19/2010,3,387,129,West,NV,Herbal Tea,Lemon,Decaf
9/20/2010,4,298,115,West,NV,Herbal Tea,Mint,Decaf
9/30/2010,5,589,221,West,NV,Tea,Darjeeling,Regular
9/29/2010,6,498,156,West,NV,Tea,Earl Grey,Regular
9/11/2010,7,19,430,West,NV,Tea,Green Tea,Regular
9/6/2010,8,72,7,West,NV,Coffee,Decaf Irish Cream,Decaf
9/28/2010,9,43,32,West,NV,Espresso,Caffe Latte,Regular
9/9/2010,10,48,12,West,NV,Espresso,Caffe Mocha,Regular
9/17/2010,11,58,17,West,NV,Espresso,Decaf Espresso,Decaf
9/28/2010,12,126,3,West,OR,Coffee,Amaretto,Regular
9/3/2010,13,61,17,West,OR,Herbal Tea,Chamomile,Decaf
9/8/2010,14,140,47,West,OR,Herbal Tea,Lemon,Decaf
9/13/2010,15,50,13,West,OR,Tea,Darjeeling,Regular
9/18/2010,16,249,87,West,OR,Tea,Earl Grey,Regular
9/27/2010,17,230,81,West,OR,Tea,Green Tea,Regular
9/7/2010,18,137,18,West,OR,Coffee,Columbian,Regular
9/30/2010,19,107,28,West,OR,Coffee,Decaf Irish Cream,Decaf
9/14/2010,20,102,6,West,OR,Espresso,Caffe Latte,Regular
9/24/2010,21,125,28,West,OR,Espresso,Caffe Mocha,Regular
9/16/2010,22,310,87,West,OR,Espresso,Decaf Espresso,Decaf
9/10/2010,23,258,91,West,WA,Herbal Tea,Chamomile,Decaf
9/13/2010,0,119,47,West,WA,Herbal Tea,Lemon,Decaf
9/22/2010,1,151,54,West,WA,Tea,Darjeeling,Regular
9/28/2010,2,113,31,West,WA,Tea,Earl Grey,Regular
9/27/2010,3,149,2,West,WA,Tea,Green Tea,Regular
9/5/2010,4,167,56,West,WA,Coffee,Columbian,Regular
9/4/2010,5,223,16,West,WA,Coffee,Decaf Irish Cream,Decaf
9/27/2010,6,76,21,West,WA,Espresso,Caffe Latte,Regular
9/20/2010,7,149,23,West,WA,Espresso,Caffe Mocha,Regular
9/2/2010,8,182,53,West,WA,Espresso,Decaf Espresso,Decaf
10/16/2010,9,205,74,Central,CO,Tea,Green Tea,Regular
10/28/2010,10,322,92,Central,CO,Herbal Tea,Chamomile,Decaf
10/12/2010,11,122,5,Central,CO,Herbal Tea,Lemon,Decaf
10/10/2010,12,123,26,Central,CO,Herbal Tea,Mint,Decaf
10/8/2010,13,120,13,Central,CO,Tea,Darjeeling,Regular
10/7/2010,14,118,27,Central,CO,Tea,Earl Grey,Regular
10/12/2010,15,182,56,Central,CO,Espresso,Decaf Espresso,Decaf
10/19/2010,16,187,79,Central,CO,Espresso,Caffe Mocha,Regular
10/9/2010,17,265,116,Central,CO,Coffee,Decaf Irish Cream,Decaf
10/20/2010,18,302,133,Central,CO,Coffee,Amaretto,Regular
10/25/2010,19,90,27,Central,CO,Coffee,Columbian,Regular
10/4/2010,20,302,133,Central,IL,Herbal Tea,Chamomile,Decaf
10/23/2010,21,90,27,Central,IL,Herbal Tea,Lemon,Decaf
10/21/2010,22,265,116,Central,IL,Herbal Tea,Mint,Decaf
10/15/2010,23,187,78,Central,IL,Tea,Darjeeling,Regular
10/29/2010,0,182,55,Central,IL,Tea,Earl Grey,Regular
10/3/2010,1,478,149,Central,IL,Espresso,Decaf Espresso,Decaf
10/19/2010,2,598,224,Central,IL,Espresso,Caffe Mocha,Regular
10/8/2010,3,298,115,Central,IL,Coffee,Decaf Irish Cream,Decaf
10/2/2010,4,367,120,Central,IL,Coffee,Columbian,Regular
10/18/2010,5,598,224,Central,IA,Herbal Tea,Chamomile,Decaf
10/27/2010,6,298,114,Central,IA,Herbal Tea,Lemon,Decaf
10/18/2010,7,478,149,Central,IA,Tea,Darjeeling,Regular
10/27/2010,8,567,183,Central,IA,Tea,Earl Grey,Regular
10/7/2010,9,58,18,Central,IA,Espresso,Caffe Mocha,Regular
10/20/2010,10,43,31,Central,IA,Espresso,Decaf Espresso,Decaf
10/6/2010,11,23,2,Central,IA,Coffee,Decaf Irish Cream,Decaf
10/9/2010,12,52,15,Central,IA,Coffee,Amaretto,Regular
10/1/2010,13,68,7,Central,IA,Coffee,Columbian,Regular
10/22/2010,14,77,3,Central,MO,Tea,Green Tea,Regular
10/30/2010,15,109,6,Central,MO,Herbal Tea,Chamomile,Decaf
10/24/2010,16,109,26,Central,MO,Herbal Tea,Lemon,Decaf
10/24/2010,17,92,13,Central,MO,Tea,Darjeeling,Regular
10/17/2010,18,56,11,Central,MO,Tea,Earl Grey,Regular
10/9/2010,19,99,36,Central,MO,Espresso,Caffe Mocha,Regular
10/8/2010,20,79,28,Central,MO,Espresso,Decaf Espresso,Decaf
10/9/2010,21,142,35,Central,MO,Coffee,Decaf Irish Cream,Decaf
10/30/2010,22,177,35,Central,MO,Coffee,Columbian,Regular
10/8/2010,23,205,65,Central,OH,Tea,Darjeeling,Regular
10/17/2010,0,218,76,Central,OH,Tea,Earl Grey,Regular
10/7/2010,1,53,16,Central,OH,Herbal Tea,Chamomile,Decaf
10/14/2010,2,66,20,Central,OH,Herbal Tea,Lemon,Decaf
10/5/2010,3,322,92,Central,OH,Espresso,Caffe Mocha,Regular
10/12/2010,4,120,12,Central,OH,Espresso,Decaf Espresso,Decaf
10/25/2010,5,123,26,Central,OH,Coffee,Amaretto,Regular
10/26/2010,6,107,28,Central,OH,Coffee,Columbian,Regular
10/29/2010,7,122,5,Central,OH,Coffee,Decaf Irish Cream,Decaf
10/17/2010,8,113,30,Central,WI,Tea,Darjeeling,Regular
10/26/2010,9,144,0,Central,WI,Tea,Earl Grey,Regular
10/22/2010,10,159,57,Central,WI,Herbal Tea,Chamomile,Decaf
10/2/2010,11,118,45,Central,WI,Herbal Tea,Lemon,Decaf
10/5/2010,12,174,48,Central,WI,Espresso,Caffe Mocha,Regular
10/8/2010,13,51,10,Central,WI,Espresso,Decaf Espresso,Decaf
10/8/2010,14,126,15,Central,WI,Coffee,Amaretto,Regular
10/6/2010,15,230,18,Central,WI,Coffee,Columbian,Regular
10/8/2010,16,202,61,Central,WI,Coffee,Decaf Irish Cream,Decaf
10/9/2010,17,99,36,East,CT,Tea,Darjeeling,Regular
10/30/2010,18,60,18,East,CT,Tea,Green Tea,Regular
10/11/2010,19,177,34,East,CT,Herbal Tea,Lemon,Decaf
10/10/2010,20,142,35,East,CT,Herbal Tea,Mint,Decaf
10/13/2010,21,144,1,East,CT,Espresso,Caffe Mocha,Regular
10/10/2010,22,111,21,East,CT,Espresso,Decaf Espresso,Decaf
10/24/2010,23,313,115,East,CT,Coffee,Columbian,Regular
10/12/2010,0,94,35,East,FL,Tea,Darjeeling,Regular
10/4/2010,1,118,46,East,FL,Tea,Green Tea,Regular
10/20/2010,2,51,10,East,FL,Herbal Tea,Chamomile,Decaf
10/12/2010,3,126,16,East,FL,Herbal Tea,Lemon,Decaf
10/12/2010,4,174,48,East,FL,Herbal Tea,Mint,Decaf
10/3/2010,5,230,18,East,FL,Espresso,Caffe Mocha,Regular
10/27/2010,6,202,60,East,FL,Espresso,Decaf Espresso,Decaf
10/15/2010,7,218,76,East,FL,Coffee,Decaf Irish Cream,Decaf
10/3/2010,8,205,64,East,FL,Coffee,Columbian,Regular
10/29/2010,9,66,20,East,MA,Tea,Darjeeling,Regular
10/9/2010,10,53,15,East,MA,Tea,Green Tea,Regular
10/20/2010,11,120,13,East,MA,Herbal Tea,Lemon,Decaf
10/21/2010,12,116,11,East,MA,Espresso,Caffe Mocha,Regular
10/7/2010,13,322,92,East,MA,Espresso,Regular Espresso,Regular
10/30/2010,14,474,348,East,MA,Coffee,Columbian,Regular
10/21/2010,15,52,14,East,NH,Tea,Darjeeling,Regular
10/17/2010,16,43,32,East,NH,Tea,Green Tea,Regular
10/27/2010,17,77,3,East,NH,Herbal Tea,Lemon,Decaf
10/18/2010,18,109,7,East,NH,Espresso,Caffe Mocha,Regular
10/1/2010,19,56,12,East,NH,Espresso,Regular Espresso,Regular
10/15/2010,20,114,24,East,NH,Coffee,Columbian,Regular
10/26/2010,21,120,33,East,NH,Coffee,Amaretto,Regular
10/23/2010,22,265,115,East,NY,Tea,Darjeeling,Regular
10/18/2010,23,302,134,East,NY,Tea,Earl Grey,Regular
10/1/2010,0,187,78,East,NY,Tea,Green Tea,Regular
10/23/2010,1,513,129,East,NY,Herbal Tea,Lemon,Decaf
10/14/2010,2,164,170,East,NY,Herbal Tea,Mint,Decaf
10/21/2010,3,69,202,East,NY,Espresso,Caffe Mocha,Regular
10/24/2010,4,765,435,East,NY,Espresso,Regular Espresso,Regular
10/25/2010,5,650,247,East,NY,Coffee,Columbian,Regular
10/1/2010,6,119,47,South,LA,Coffee,Columbian,Regular
10/25/2010,7,118,45,South,LA,Coffee,Decaf Irish Cream,Decaf
10/18/2010,8,236,87,South,LA,Herbal Tea,Chamomile,Decaf
10/3/2010,9,177,34,South,LA,Herbal Tea,Lemon,Decaf
10/8/2010,10,144,1,South,LA,Espresso,Caffe Latte,Regular
10/5/2010,11,159,58,South,LA,Espresso,Caffe Mocha,Regular
10/18/2010,12,113,30,South,LA,Espresso,Decaf Espresso,Decaf
10/17/2010,13,114,23,South,NM,Coffee,Columbian,Regular
10/3/2010,14,109,26,South,NM,Coffee,Decaf Irish Cream,Decaf
10/31/2010,15,52,14,South,NM,Herbal Tea,Chamomile,Decaf
10/8/2010,16,68,6,South,NM,Herbal Tea,Lemon,Decaf
10/10/2010,17,56,12,South,NM,Espresso,Caffe Latte,Regular
10/10/2010,18,109,6,South,NM,Espresso,Caffe Mocha,Regular
10/2/2010,19,92,14,South,NM,Espresso,Decaf Espresso,Decaf
10/17/2010,20,205,74,South,OK,Coffee,Columbian,Regular
10/8/2010,21,66,21,South,OK,Coffee,Decaf Irish Cream,Decaf
10/13/2010,22,126,16,South,OK,Herbal Tea,Chamomile,Decaf
10/30/2010,23,230,17,South,OK,Herbal Tea,Lemon,Decaf
10/29/2010,0,218,76,South,OK,Espresso,Caffe Latte,Regular
10/4/2010,1,53,15,South,OK,Espresso,Caffe Mocha,Regular
10/19/2010,2,205,65,South,OK,Espresso,Decaf Espresso,Decaf
10/12/2010,3,520,185,South,TX,Coffee,Columbian,Regular
10/23/2010,4,90,26,South,TX,Coffee,Decaf Irish Cream,Decaf
10/17/2010,5,123,26,South,TX,Herbal Tea,Chamomile,Decaf
10/9/2010,6,107,28,South,TX,Herbal Tea,Lemon,Decaf
10/16/2010,7,182,55,South,TX,Espresso,Caffe Latte,Regular
10/27/2010,8,302,133,South,TX,Espresso,Caffe Mocha,Regular
10/23/2010,9,187,78,South,TX,Espresso,Decaf Espresso,Decaf
10/7/2010,10,120,33,West,UT,Herbal Tea,Chamomile,Decaf
10/5/2010,11,114,23,West,UT,Herbal Tea,Lemon,Decaf
10/12/2010,12,109,27,West,UT,Herbal Tea,Mint,Decaf
10/27/2010,13,109,6,West,UT,Tea,Darjeeling,Regular
10/22/2010,14,92,14,West,UT,Tea,Earl Grey,Regular
10/20/2010,15,56,12,West,UT,Tea,Green Tea,Regular
10/5/2010,16,142,36,West,UT,Coffee,Amaretto,Regular
10/3/2010,17,111,22,West,UT,Coffee,Columbian,Regular
10/28/2010,18,177,34,West,UT,Coffee,Decaf Irish Cream,Decaf
10/14/2010,19,79,28,West,UT,Espresso,Caffe Latte,Regular
10/16/2010,20,236,87,West,UT,Espresso,Caffe Mocha,Regular
10/15/2010,21,99,37,West,UT,Espresso,Decaf Espresso,Decaf
10/16/2010,22,265,115,West,CA,Herbal Tea,Chamomile,Decaf
10/9/2010,23,520,186,West,CA,Herbal Tea,Lemon,Decaf
10/8/2010,0,90,26,West,CA,Herbal Tea,Mint,Decaf
10/28/2010,1,302,134,West,CA,Tea,Darjeeling,Regular
10/29/2010,2,187,79,West,CA,Tea,Earl Grey,Regular
10/19/2010,3,182,56,West,CA,Tea,Green Tea,Regular
10/12/2010,4,109,74,West,CA,Coffee,Amaretto,Regular
10/19/2010,5,650,247,West,CA,Coffee,Columbian,Regular
10/21/2010,6,130,117,West,CA,Coffee,Decaf Irish Cream,Decaf
10/28/2010,7,478,149,West,CA,Espresso,Caffe Latte,Regular
10/3/2010,8,298,27,West,CA,Espresso,Caffe Mocha,Regular
10/17/2010,9,598,225,West,CA,Espresso,Decaf Espresso,Decaf
10/14/2010,10,298,26,West,NV,Herbal Tea,Chamomile,Decaf
10/20/2010,11,367,120,West,NV,Herbal Tea,Lemon,Decaf
10/18/2010,12,298,114,West,NV,Herbal Tea,Mint,Decaf
10/8/2010,13,598,224,West,NV,Tea,Darjeeling,Regular
10/4/2010,14,478,149,West,NV,Tea,Earl Grey,Regular
10/1/2010,15,21,363,West,NV,Tea,Green Tea,Regular
10/2/2010,16,77,2,West,NV,Coffee,Columbian,Regular
10/11/2010,17,68,7,West,NV,Coffee,Decaf Irish Cream,Decaf
10/25/2010,18,43,32,West,NV,Espresso,Caffe Latte,Regular
10/11/2010,19,52,14,West,NV,Espresso,Caffe Mocha,Regular
10/20/2010,20,58,17,West,NV,Espresso,Decaf Espresso,Decaf
10/31/2010,21,61,17,West,OR,Herbal Tea,Chamomile,Decaf
10/21/2010,22,205,73,West,OR,Herbal Tea,Lemon,Decaf
10/17/2010,23,53,16,West,OR,Tea,Darjeeling,Regular
10/8/2010,0,205,64,West,OR,Tea,Earl Grey,Regular
10/23/2010,1,218,76,West,OR,Tea,Green Tea,Regular
10/28/2010,2,122,5,West,OR,Coffee,Amaretto,Regular
10/27/2010,3,144,21,West,OR,Coffee,Columbian,Regular
10/19/2010,4,107,29,West,OR,Coffee,Decaf Irish Cream,Decaf
10/21/2010,5,120,12,West,OR,Espresso,Caffe Latte,Regular
10/29/2010,6,123,27,West,OR,Espresso,Caffe Mocha,Regular
10/14/2010,7,322,91,West,OR,Espresso,Decaf Espresso,Decaf
10/9/2010,8,313,115,West,WA,Herbal Tea,Chamomile,Decaf
10/20/2010,9,119,47,West,WA,Herbal Tea,Lemon,Decaf
10/10/2010,10,159,57,West,WA,Tea,Darjeeling,Regular
10/20/2010,11,113,31,West,WA,Tea,Earl Grey,Regular
10/2/2010,12,144,0,West,WA,Tea,Green Tea,Regular
10/31/2010,13,167,56,West,WA,Coffee,Columbian,Regular
10/7/2010,14,230,17,West,WA,Coffee,Decaf Irish Cream,Decaf
10/19/2010,15,51,10,West,WA,Espresso,Caffe Latte,Regular
10/11/2010,16,126,16,West,WA,Espresso,Caffe Mocha,Regular
10/23/2010,17,174,48,West,WA,Espresso,Decaf Espresso,Decaf
11/1/2010,18,200,70,Central,CO,Tea,Green Tea,Regular
11/3/2010,19,363,107,Central,CO,Herbal Tea,Chamomile,Decaf
11/28/2010,20,125,4,Central,CO,Herbal Tea,Lemon,Decaf
11/3/2010,21,138,32,Central,CO,Herbal Tea,Mint,Decaf
11/10/2010,22,124,15,Central,CO,Tea,Darjeeling,Regular
11/16/2010,23,125,29,Central,CO,Tea,Earl Grey,Regular
11/8/2010,0,189,58,Central,CO,Espresso,Decaf Espresso,Decaf
11/17/2010,1,123,48,Central,CO,Espresso,Caffe Mocha,Regular
11/24/2010,2,198,84,Central,CO,Coffee,Decaf Irish Cream,Decaf
11/16/2010,3,290,128,Central,CO,Coffee,Amaretto,Regular
11/28/2010,4,92,27,Central,CO,Coffee,Columbian,Regular
11/5/2010,5,290,127,Central,IL,Herbal Tea,Chamomile,Decaf
11/13/2010,6,92,27,Central,IL,Herbal Tea,Lemon,Decaf
11/9/2010,7,198,84,Central,IL,Herbal Tea,Mint,Decaf
11/18/2010,8,123,48,Central,IL,Tea,Darjeeling,Regular
11/2/2010,9,189,59,Central,IL,Tea,Earl Grey,Regular
11/2/2010,10,423,129,Central,IL,Espresso,Decaf Espresso,Decaf
11/10/2010,11,532,196,Central,IL,Espresso,Caffe Mocha,Regular
11/3/2010,12,278,106,Central,IL,Coffee,Decaf Irish Cream,Decaf
11/6/2010,13,412,139,Central,IL,Coffee,Columbian,Regular
11/12/2010,14,532,196,Central,IA,Herbal Tea,Chamomile,Decaf
11/2/2010,15,278,107,Central,IA,Herbal Tea,Lemon,Decaf
11/22/2010,16,423,129,Central,IA,Tea,Darjeeling,Regular
11/20/2010,17,545,173,Central,IA,Tea,Earl Grey,Regular
11/6/2010,18,56,16,Central,IA,Espresso,Caffe Mocha,Regular
11/2/2010,19,43,31,Central,IA,Espresso,Decaf Espresso,Decaf
11/13/2010,20,23,3,Central,IA,Coffee,Decaf Irish Cream,Decaf
11/14/2010,21,39,8,Central,IA,Coffee,Amaretto,Regular
11/7/2010,22,64,5,Central,IA,Coffee,Columbian,Regular
11/27/2010,23,74,4,Central,MO,Tea,Green Tea,Regular
11/18/2010,0,106,8,Central,MO,Herbal Tea,Chamomile,Decaf
11/1/2010,1,122,9,Central,MO,Herbal Tea,Lemon,Decaf
11/27/2010,2,82,9,Central,MO,Tea,Darjeeling,Regular
11/14/2010,3,76,3,Central,MO,Tea,Earl Grey,Regular
11/2/2010,4,132,51,Central,MO,Espresso,Caffe Mocha,Regular
11/4/2010,5,81,27,Central,MO,Espresso,Decaf Espresso,Decaf
11/30/2010,6,150,38,Central,MO,Coffee,Decaf Irish Cream,Decaf
11/26/2010,7,184,38,Central,MO,Coffee,Columbian,Regular
11/19/2010,8,197,62,Central,OH,Tea,Darjeeling,Regular
11/1/2010,9,245,89,Central,OH,Tea,Earl Grey,Regular
11/10/2010,10,80,29,Central,OH,Herbal Tea,Chamomile,Decaf
11/14/2010,11,88,30,Central,OH,Herbal Tea,Lemon,Decaf
11/3/2010,12,363,107,Central,OH,Espresso,Caffe Mocha,Regular
11/18/2010,13,124,16,Central,OH,Espresso,Decaf Espresso,Decaf
11/10/2010,14,138,33,Central,OH,Coffee,Amaretto,Regular
11/14/2010,15,114,32,Central,OH,Coffee,Columbian,Regular
11/18/2010,16,125,3,Central,OH,Coffee,Decaf Irish Cream,Decaf
11/3/2010,17,120,33,Central,WI,Tea,Darjeeling,Regular
11/2/2010,18,147,2,Central,WI,Tea,Earl Grey,Regular
11/10/2010,19,141,48,Central,WI,Herbal Tea,Chamomile,Decaf
11/16/2010,20,78,27,Central,WI,Herbal Tea,Lemon,Decaf
11/17/2010,21,164,45,Central,WI,Espresso,Caffe Mocha,Regular
11/8/2010,22,52,11,Central,WI,Espresso,Decaf Espresso,Decaf
11/28/2010,23,121,14,Central,WI,Coffee,Amaretto,Regular
11/25/2010,0,224,16,Central,WI,Coffee,Columbian,Regular
11/14/2010,1,180,51,Central,WI,Coffee,Decaf Irish Cream,Decaf
11/30/2010,2,132,51,East,CT,Tea,Darjeeling,Regular
11/18/2010,3,90,33,East,CT,Tea,Green Tea,Regular
11/8/2010,4,184,38,East,CT,Herbal Tea,Lemon,Decaf
11/25/2010,5,150,38,East,CT,Herbal Tea,Mint,Decaf
11/14/2010,6,147,2,East,CT,Espresso,Caffe Mocha,Regular
11/8/2010,7,124,26,East,CT,Espresso,Decaf Espresso,Decaf
11/29/2010,8,325,122,East,CT,Coffee,Columbian,Regular
11/5/2010,9,70,23,East,FL,Tea,Darjeeling,Regular
11/16/2010,10,78,28,East,FL,Tea,Green Tea,Regular
11/30/2010,11,52,11,East,FL,Herbal Tea,Chamomile,Decaf
11/20/2010,12,121,13,East,FL,Herbal Tea,Lemon,Decaf
11/19/2010,13,164,44,East,FL,Herbal Tea,Mint,Decaf
11/15/2010,14,224,15,East,FL,Espresso,Caffe Mocha,Regular
11/18/2010,15,180,51,East,FL,Espresso,Decaf Espresso,Decaf
11/28/2010,16,197,63,East,FL,Coffee,Columbian,Regular
11/12/2010,17,245,89,East,FL,Coffee,Decaf Irish Cream,Decaf
11/7/2010,18,88,31,East,MA,Tea,Darjeeling,Regular
11/13/2010,19,80,29,East,MA,Tea,Green Tea,Regular
11/9/2010,20,124,15,East,MA,Herbal Tea,Lemon,Decaf
11/14/2010,21,120,8,East,MA,Espresso,Caffe Mocha,Regular
11/19/2010,22,363,108,East,MA,Espresso,Regular Espresso,Regular
11/17/2010,23,454,324,East,MA,Coffee,Columbian,Regular
11/12/2010,0,39,8,East,NH,Tea,Darjeeling,Regular
11/27/2010,1,43,32,East,NH,Tea,Green Tea,Regular
11/10/2010,2,74,4,East,NH,Herbal Tea,Lemon,Decaf
11/13/2010,3,106,8,East,NH,Espresso,Caffe Mocha,Regular
11/16/2010,4,76,3,East,NH,Espresso,Regular Espresso,Regular
11/2/2010,5,109,20,East,NH,Coffee,Columbian,Regular
11/7/2010,6,113,30,East,NH,Coffee,Amaretto,Regular
11/4/2010,7,198,84,East,NY,Tea,Darjeeling,Regular
11/3/2010,8,290,127,East,NY,Tea,Earl Grey,Regular
11/27/2010,9,123,47,East,NY,Tea,Green Tea,Regular
11/2/2010,10,576,204,East,NY,Herbal Tea,Lemon,Decaf
11/26/2010,11,160,156,East,NY,Herbal Tea,Mint,Decaf
11/16/2010,12,61,202,East,NY,Espresso,Caffe Mocha,Regular
11/4/2010,13,675,381,East,NY,Espresso,Regular Espresso,Regular
11/15/2010,14,623,236,East,NY,Coffee,Columbian,Regular
11/18/2010,15,115,44,South,LA,Coffee,Columbian,Regular
11/3/2010,16,78,28,South,LA,Coffee,Decaf Irish Cream,Decaf
11/30/2010,17,231,85,South,LA,Herbal Tea,Chamomile,Decaf
11/20/2010,18,184,38,South,LA,Herbal Tea,Lemon,Decaf
11/14/2010,19,147,1,South,LA,Espresso,Caffe Latte,Regular
11/26/2010,20,141,49,South,LA,Espresso,Caffe Mocha,Regular
11/8/2010,21,120,34,South,LA,Espresso,Decaf Espresso,Decaf
11/25/2010,22,109,20,South,NM,Coffee,Columbian,Regular
11/10/2010,23,122,8,South,NM,Coffee,Decaf Irish Cream,Decaf
11/29/2010,0,39,9,South,NM,Herbal Tea,Chamomile,Decaf
11/8/2010,1,64,5,South,NM,Herbal Tea,Lemon,Decaf
11/29/2010,2,76,4,South,NM,Espresso,Caffe Latte,Regular
11/16/2010,3,106,7,South,NM,Espresso,Caffe Mocha,Regular
11/17/2010,4,82,8,South,NM,Espresso,Decaf Espresso,Decaf
11/30/2010,5,200,71,South,OK,Coffee,Columbian,Regular
11/24/2010,6,88,30,South,OK,Coffee,Decaf Irish Cream,Decaf
11/10/2010,7,121,13,South,OK,Herbal Tea,Chamomile,Decaf
11/2/2010,8,224,15,South,OK,Herbal Tea,Lemon,Decaf
11/2/2010,9,245,89,South,OK,Espresso,Caffe Latte,Regular
11/25/2010,10,80,29,South,OK,Espresso,Caffe Mocha,Regular
11/13/2010,11,197,62,South,OK,Espresso,Decaf Espresso,Decaf
11/12/2010,12,490,174,South,TX,Coffee,Columbian,Regular
11/16/2010,13,92,26,South,TX,Coffee,Decaf Irish Cream,Decaf
11/27/2010,14,138,32,South,TX,Herbal Tea,Chamomile,Decaf
11/13/2010,15,114,31,South,TX,Herbal Tea,Lemon,Decaf
11/19/2010,16,189,59,South,TX,Espresso,Caffe Latte,Regular
11/3/2010,17,290,127,South,TX,Espresso,Caffe Mocha,Regular
11/11/2010,18,123,48,South,TX,Espresso,Decaf Espresso,Decaf
11/5/2010,19,113,30,West,UT,Herbal Tea,Chamomile,Decaf
11/8/2010,20,109,20,West,UT,Herbal Tea,Lemon,Decaf
11/12/2010,21,122,8,West,UT,Herbal Tea,Mint,Decaf
11/9/2010,22,106,7,West,UT,Tea,Darjeeling,Regular
11/7/2010,23,82,9,West,UT,Tea,Earl Grey,Regular
11/20/2010,0,76,3,West,UT,Tea,Green Tea,Regular
11/24/2010,1,150,39,West,UT,Coffee,Amaretto,Regular
11/7/2010,2,124,27,West,UT,Coffee,Columbian,Regular
11/27/2010,3,184,38,West,UT,Coffee,Decaf Irish Cream,Decaf
11/23/2010,4,81,27,West,UT,Espresso,Caffe Latte,Regular
11/17/2010,5,231,85,West,UT,Espresso,Caffe Mocha,Regular
11/30/2010,6,132,52,West,UT,Espresso,Decaf Espresso,Decaf
11/17/2010,7,198,84,West,CA,Herbal Tea,Chamomile,Decaf
11/7/2010,8,490,174,West,CA,Herbal Tea,Lemon,Decaf
11/26/2010,9,92,27,West,CA,Herbal Tea,Mint,Decaf
11/26/2010,10,290,128,West,CA,Tea,Darjeeling,Regular
11/10/2010,11,123,47,West,CA,Tea,Earl Grey,Regular
11/10/2010,12,189,59,West,CA,Tea,Green Tea,Regular
11/26/2010,13,116,56,West,CA,Coffee,Amaretto,Regular
11/15/2010,14,623,235,West,CA,Coffee,Columbian,Regular
11/2/2010,15,146,127,West,CA,Coffee,Decaf Irish Cream,Decaf
11/24/2010,16,423,129,West,CA,Espresso,Caffe Latte,Regular
11/13/2010,17,289,26,West,CA,Espresso,Caffe Mocha,Regular
11/9/2010,18,532,197,West,CA,Espresso,Decaf Espresso,Decaf
11/11/2010,19,289,26,West,NV,Herbal Tea,Chamomile,Decaf
11/12/2010,20,412,138,West,NV,Herbal Tea,Lemon,Decaf
11/24/2010,21,278,107,West,NV,Herbal Tea,Mint,Decaf
11/2/2010,22,532,196,West,NV,Tea,Darjeeling,Regular
11/22/2010,23,423,128,West,NV,Tea,Earl Grey,Regular
11/27/2010,0,32,340,West,NV,Tea,Green Tea,Regular
11/9/2010,1,74,4,West,NV,Coffee,Columbian,Regular
11/20/2010,2,64,5,West,NV,Coffee,Decaf Irish Cream,Decaf
11/7/2010,3,43,31,West,NV,Espresso,Caffe Latte,Regular
11/19/2010,4,39,9,West,NV,Espresso,Caffe Mocha,Regular
11/3/2010,5,56,17,West,NV,Espresso,Decaf Espresso,Decaf
11/30/2010,6,63,19,West,OR,Herbal Tea,Chamomile,Decaf
11/19/2010,7,200,70,West,OR,Herbal Tea,Lemon,Decaf
11/12/2010,8,80,28,West,OR,Tea,Darjeeling,Regular
11/1/2010,9,197,62,West,OR,Tea,Earl Grey,Regular
11/26/2010,10,245,89,West,OR,Tea,Green Tea,Regular
11/19/2010,11,125,4,West,OR,Coffee,Amaretto,Regular
11/26/2010,12,128,14,West,OR,Coffee,Columbian,Regular
11/16/2010,13,114,32,West,OR,Coffee,Decaf Irish Cream,Decaf
11/1/2010,14,124,16,West,OR,Espresso,Caffe Latte,Regular
11/28/2010,15,138,33,West,OR,Espresso,Caffe Mocha,Regular
11/13/2010,16,363,108,West,OR,Espresso,Decaf Espresso,Decaf
11/22/2010,17,325,122,West,WA,Herbal Tea,Chamomile,Decaf
11/5/2010,18,115,44,West,WA,Herbal Tea,Lemon,Decaf
11/25/2010,19,141,49,West,WA,Tea,Darjeeling,Regular
11/28/2010,20,120,34,West,WA,Tea,Earl Grey,Regular
11/24/2010,21,147,1,West,WA,Tea,Green Tea,Regular
11/23/2010,22,156,50,West,WA,Coffee,Columbian,Regular
11/13/2010,23,224,16,West,WA,Coffee,Decaf Irish Cream,Decaf
11/22/2010,0,52,11,West,WA,Espresso,Caffe Latte,Regular
11/17/2010,1,121,13,West,WA,Espresso,Caffe Mocha,Regular
11/18/2010,2,164,45,West,WA,Espresso,Decaf Espresso,Decaf
12/11/2010,3,103,6,Central,CO,Tea,Darjeeling,Regular
12/22/2010,4,116,26,Central,CO,Tea,Earl Grey,Regular
12/5/2010,5,185,66,Central,CO,Tea,Green Tea,Regular
12/1/2010,6,306,87,Central,CO,Herbal Tea,Chamomile,Decaf
12/18/2010,7,112,6,Central,CO,Herbal Tea,Lemon,Decaf
12/17/2010,8,127,29,Central,CO,Herbal Tea,Mint,Decaf
12/18/2010,9,133,53,Central,CO,Espresso,Caffe Mocha,Regular
12/22/2010,10,168,47,Central,CO,Espresso,Decaf Espresso,Decaf
12/29/2010,11,210,88,Central,CO,Coffee,Decaf Irish Cream,Decaf
12/30/2010,12,302,134,Central,CO,Coffee,Amaretto,Regular
12/29/2010,13,99,29,Central,CO,Coffee,Columbian,Regular
12/19/2010,14,133,53,Central,IL,Tea,Darjeeling,Regular
12/29/2010,15,168,47,Central,IL,Tea,Earl Grey,Regular
12/4/2010,16,302,133,Central,IL,Herbal Tea,Chamomile,Decaf
12/11/2010,17,99,29,Central,IL,Herbal Tea,Lemon,Decaf
12/2/2010,18,210,88,Central,IL,Herbal Tea,Mint,Decaf
12/17/2010,19,576,216,Central,IL,Espresso,Caffe Mocha,Regular
12/23/2010,20,501,157,Central,IL,Espresso,Decaf Espresso,Decaf
12/6/2010,21,312,122,Central,IL,Coffee,Decaf Irish Cream,Decaf
12/14/2010,22,534,194,Central,IL,Coffee,Columbian,Regular
12/4/2010,23,501,156,Central,IA,Tea,Darjeeling,Regular
12/10/2010,0,654,216,Central,IA,Tea,Earl Grey,Regular
12/25/2010,1,576,216,Central,IA,Herbal Tea,Chamomile,Decaf
12/17/2010,2,312,123,Central,IA,Herbal Tea,Lemon,Decaf
12/24/2010,3,58,17,Central,IA,Espresso,Caffe Mocha,Regular
12/20/2010,4,43,32,Central,IA,Espresso,Decaf Espresso,Decaf
12/28/2010,5,24,1,Central,IA,Coffee,Decaf Irish Cream,Decaf
12/2/2010,6,41,10,Central,IA,Coffee,Amaretto,Regular
12/6/2010,7,69,8,Central,IA,Coffee,Columbian,Regular
12/13/2010,8,89,11,Central,MO,Tea,Darjeeling,Regular
12/23/2010,9,45,16,Central,MO,Tea,Earl Grey,Regular
12/28/2010,10,88,2,Central,MO,Tea,Green Tea,Regular
12/1/2010,11,118,5,Central,MO,Herbal Tea,Chamomile,Decaf
12/5/2010,12,160,16,Central,MO,Herbal Tea,Lemon,Decaf
12/14/2010,13,123,48,Central,MO,Espresso,Caffe Mocha,Regular
12/24/2010,14,77,27,Central,MO,Espresso,Decaf Espresso,Decaf
12/17/2010,15,139,36,Central,MO,Coffee,Decaf Irish Cream,Decaf
12/24/2010,16,153,26,Central,MO,Coffee,Columbian,Regular
12/6/2010,17,221,72,Central,OH,Tea,Darjeeling,Regular
12/21/2010,18,320,121,Central,OH,Tea,Earl Grey,Regular
12/20/2010,19,73,25,Central,OH,Herbal Tea,Chamomile,Decaf
12/1/2010,20,82,29,Central,OH,Herbal Tea,Lemon,Decaf
12/23/2010,21,306,87,Central,OH,Espresso,Caffe Mocha,Regular
12/31/2010,22,103,6,Central,OH,Espresso,Decaf Espresso,Decaf
12/4/2010,23,127,29,Central,OH,Coffee,Amaretto,Regular
12/12/2010,0,101,24,Central,OH,Coffee,Columbian,Regular
12/6/2010,1,112,6,Central,OH,Coffee,Decaf Irish Cream,Decaf
12/23/2010,2,106,28,Central,WI,Tea,Darjeeling,Regular
12/6/2010,3,131,3,Central,WI,Tea,Earl Grey,Regular
12/31/2010,4,107,30,Central,WI,Herbal Tea,Chamomile,Decaf
12/1/2010,5,85,30,Central,WI,Herbal Tea,Lemon,Decaf
12/2/2010,6,176,50,Central,WI,Espresso,Caffe Mocha,Regular
12/25/2010,7,56,13,Central,WI,Espresso,Decaf Espresso,Decaf
12/27/2010,8,145,22,Central,WI,Coffee,Amaretto,Regular
12/18/2010,9,250,20,Central,WI,Coffee,Columbian,Regular
12/24/2010,10,195,57,Central,WI,Coffee,Decaf Irish Cream,Decaf
12/17/2010,11,123,47,East,CT,Tea,Darjeeling,Regular
12/19/2010,12,82,28,East,CT,Tea,Green Tea,Regular
12/6/2010,13,153,27,East,CT,Herbal Tea,Lemon,Decaf
12/16/2010,14,139,36,East,CT,Herbal Tea,Mint,Decaf
12/2/2010,15,131,2,East,CT,Espresso,Caffe Mocha,Regular
12/2/2010,16,114,21,East,CT,Espresso,Decaf Espresso,Decaf
12/11/2010,17,289,105,East,CT,Coffee,Columbian,Regular
12/20/2010,18,75,26,East,FL,Tea,Darjeeling,Regular
12/28/2010,19,85,30,East,FL,Tea,Green Tea,Regular
12/21/2010,20,56,12,East,FL,Herbal Tea,Chamomile,Decaf
12/22/2010,21,145,23,East,FL,Herbal Tea,Lemon,Decaf
12/22/2010,22,176,50,East,FL,Herbal Tea,Mint,Decaf
12/25/2010,23,250,21,East,FL,Espresso,Caffe Mocha,Regular
12/21/2010,0,195,58,East,FL,Espresso,Decaf Espresso,Decaf
12/17/2010,1,221,73,East,FL,Coffee,Columbian,Regular
12/11/2010,2,320,122,East,FL,Coffee,Decaf Irish Cream,Decaf
12/29/2010,3,82,29,East,MA,Tea,Darjeeling,Regular
12/8/2010,4,73,25,East,MA,Tea,Green Tea,Regular
12/16/2010,5,103,7,East,MA,Herbal Tea,Lemon,Decaf
12/23/2010,6,99,20,East,MA,Espresso,Caffe Mocha,Regular
12/8/2010,7,306,87,East,MA,Espresso,Regular Espresso,Regular
12/27/2010,8,510,390,East,MA,Coffee,Columbian,Regular
12/17/2010,9,41,10,East,NH,Tea,Darjeeling,Regular
12/29/2010,10,43,32,East,NH,Tea,Green Tea,Regular
12/11/2010,11,88,2,East,NH,Herbal Tea,Lemon,Decaf
12/29/2010,12,118,4,East,NH,Espresso,Caffe Mocha,Regular
12/29/2010,13,45,16,East,NH,Espresso,Regular Espresso,Regular
12/19/2010,14,127,37,East,NH,Coffee,Amaretto,Regular
12/4/2010,15,122,28,East,NH,Coffee,Columbian,Regular
12/12/2010,16,210,89,East,NY,Tea,Darjeeling,Regular
12/9/2010,17,302,133,East,NY,Tea,Earl Grey,Regular
12/9/2010,18,133,52,East,NY,Tea,Green Tea,Regular
12/8/2010,19,747,309,East,NY,Herbal Tea,Lemon,Decaf
12/1/2010,20,148,189,East,NY,Herbal Tea,Mint,Decaf
12/28/2010,21,66,224,East,NY,Espresso,Caffe Mocha,Regular
12/15/2010,22,657,312,East,NY,Espresso,Regular Espresso,Regular
12/18/2010,23,699,271,East,NY,Coffee,Columbian,Regular
12/10/2010,0,120,46,South,LA,Coffee,Columbian,Regular
12/31/2010,1,85,31,South,LA,Coffee,Decaf Irish Cream,Decaf
12/31/2010,2,214,77,South,LA,Herbal Tea,Chamomile,Decaf
12/30/2010,3,153,26,South,LA,Herbal Tea,Lemon,Decaf
12/21/2010,4,131,3,South,LA,Espresso,Caffe Latte,Regular
12/23/2010,5,107,31,South,LA,Espresso,Caffe Mocha,Regular
12/11/2010,6,106,27,South,LA,Espresso,Decaf Espresso,Decaf
12/17/2010,7,122,27,South,NM,Coffee,Columbian,Regular
12/9/2010,8,160,16,South,NM,Coffee,Decaf Irish Cream,Decaf
12/23/2010,9,41,9,South,NM,Herbal Tea,Chamomile,Decaf
12/25/2010,10,69,7,South,NM,Herbal Tea,Lemon,Decaf
12/3/2010,11,45,15,South,NM,Espresso,Caffe Latte,Regular
12/7/2010,12,118,5,South,NM,Espresso,Caffe Mocha,Regular
12/7/2010,13,89,12,South,NM,Espresso,Decaf Espresso,Decaf
12/20/2010,14,185,66,South,OK,Coffee,Columbian,Regular
12/23/2010,15,82,28,South,OK,Coffee,Decaf Irish Cream,Decaf
12/26/2010,16,145,22,South,OK,Herbal Tea,Chamomile,Decaf
12/1/2010,17,250,20,South,OK,Herbal Tea,Lemon,Decaf
12/7/2010,18,320,121,South,OK,Espresso,Caffe Latte,Regular
12/15/2010,19,73,24,South,OK,Espresso,Caffe Mocha,Regular
12/12/2010,20,221,72,South,OK,Espresso,Decaf Espresso,Decaf
12/11/2010,21,525,188,South,TX,Coffee,Columbian,Regular
12/2/2010,22,99,30,South,TX,Coffee,Decaf Irish Cream,Decaf
12/24/2010,23,127,28,South,TX,Herbal Tea,Chamomile,Decaf
12/13/2010,0,101,24,South,TX,Herbal Tea,Lemon,Decaf
12/21/2010,1,168,47,South,TX,Espresso,Caffe Latte,Regular
12/18/2010,2,302,133,South,TX,Espresso,Caffe Mocha,Regular
12/2/2010,3,133,52,South,TX,Espresso,Decaf Espresso,Decaf
12/10/2010,4,127,36,West,UT,Herbal Tea,Chamomile,Decaf
12/30/2010,5,122,28,West,UT,Herbal Tea,Lemon,Decaf
12/29/2010,6,160,17,West,UT,Herbal Tea,Mint,Decaf
12/12/2010,7,118,4,West,UT,Tea,Darjeeling,Regular
12/20/2010,8,89,12,West,UT,Tea,Earl Grey,Regular
12/18/2010,9,45,15,West,UT,Tea,Green Tea,Regular
12/26/2010,10,139,36,West,UT,Coffee,Amaretto,Regular
12/30/2010,11,114,21,West,UT,Coffee,Columbian,Regular
12/3/2010,12,153,26,West,UT,Coffee,Decaf Irish Cream,Decaf
12/28/2010,13,77,26,West,UT,Espresso,Caffe Latte,Regular
12/18/2010,14,214,77,West,UT,Espresso,Caffe Mocha,Regular
12/7/2010,15,123,47,West,UT,Espresso,Decaf Espresso,Decaf
12/7/2010,16,210,89,West,CA,Herbal Tea,Chamomile,Decaf
12/22/2010,17,525,188,West,CA,Herbal Tea,Lemon,Decaf
12/19/2010,18,99,29,West,CA,Herbal Tea,Mint,Decaf
12/19/2010,19,302,134,West,CA,Tea,Darjeeling,Regular
12/31/2010,20,133,53,West,CA,Tea,Earl Grey,Regular
12/19/2010,21,168,47,West,CA,Tea,Green Tea,Regular
12/4/2010,22,102,88,West,CA,Coffee,Amaretto,Regular
12/6/2010,23,699,271,West,CA,Coffee,Columbian,Regular
12/4/2010,0,192,149,West,CA,Coffee,Decaf Irish Cream,Decaf
12/5/2010,1,501,157,West,CA,Espresso,Caffe Latte,Regular
12/21/2010,2,322,31,West,CA,Espresso,Caffe Mocha,Regular
12/20/2010,3,576,216,West,CA,Espresso,Decaf Espresso,Decaf
12/12/2010,4,322,32,West,NV,Herbal Tea,Chamomile,Decaf
12/6/2010,5,534,194,West,NV,Herbal Tea,Lemon,Decaf
12/13/2010,6,312,122,West,NV,Herbal Tea,Mint,Decaf
12/25/2010,7,576,215,West,NV,Tea,Darjeeling,Regular
12/13/2010,8,501,157,West,NV,Tea,Earl Grey,Regular
12/24/2010,9,31,408,West,NV,Tea,Green Tea,Regular
12/10/2010,10,88,1,West,NV,Coffee,Columbian,Regular
12/20/2010,11,69,8,West,NV,Coffee,Decaf Irish Cream,Decaf
12/28/2010,12,43,31,West,NV,Espresso,Caffe Latte,Regular
12/7/2010,13,41,10,West,NV,Espresso,Caffe Mocha,Regular
12/15/2010,14,58,17,West,NV,Espresso,Decaf Espresso,Decaf
12/4/2010,15,60,19,West,OR,Herbal Tea,Chamomile,Decaf
12/5/2010,16,185,66,West,OR,Herbal Tea,Lemon,Decaf
12/2/2010,17,73,25,West,OR,Tea,Darjeeling,Regular
12/3/2010,18,221,73,West,OR,Tea,Earl Grey,Regular
12/20/2010,19,320,121,West,OR,Tea,Green Tea,Regular
12/13/2010,20,112,7,West,OR,Coffee,Amaretto,Regular
12/20/2010,21,98,1,West,OR,Coffee,Columbian,Regular
12/27/2010,22,101,25,West,OR,Coffee,Decaf Irish Cream,Decaf
12/24/2010,23,103,6,West,OR,Espresso,Caffe Latte,Regular
12/31/2010,0,127,28,West,OR,Espresso,Caffe Mocha,Regular
12/25/2010,1,306,87,West,OR,Espresso,Decaf Espresso,Decaf
12/30/2010,2,289,105,West,WA,Herbal Tea,Chamomile,Decaf
12/23/2010,3,120,46,West,WA,Herbal Tea,Lemon,Decaf
12/8/2010,4,107,30,West,WA,Tea,Darjeeling,Regular
12/23/2010,5,106,28,West,WA,Tea,Earl Grey,Regular
12/22/2010,6,131,3,West,WA,Tea,Green Tea,Regular
12/24/2010,7,176,58,West,WA,Coffee,Columbian,Regular
12/24/2010,8,250,20,West,WA,Coffee,Decaf Irish Cream,Decaf
12/10/2010,9,56,13,West,WA,Espresso,Caffe Latte,Regular
12/16/2010,10,145,23,West,WA,Espresso,Caffe Mocha,Regular
12/24/2010,11,176,51,West,WA,Espresso,Decaf Espresso,Decaf
1/18/2011,12,382,154,Central,CO,Herbal Tea,Chamomile,Decaf
1/30/2011,13,168,0,Central,CO,Herbal Tea,Lemon,Decaf
1/6/2011,14,157,51,Central,CO,Herbal Tea,Mint,Decaf
1/29/2011,15,145,26,Central,CO,Tea,Darjeeling,Regular
1/24/2011,16,157,56,Central,CO,Tea,Earl Grey,Regular
1/9/2011,17,112,47,Central,CO,Tea,Green Tea,Regular
1/20/2011,18,150,84,Central,CO,Espresso,Caffe Mocha,Regular
1/15/2011,19,201,83,Central,CO,Espresso,Decaf Espresso,Decaf
1/5/2011,20,245,146,Central,CO,Coffee,Amaretto,Regular
1/18/2011,21,213,106,Central,CO,Coffee,Columbian,Regular
1/31/2011,22,262,157,Central,CO,Coffee,Decaf Irish Cream,Decaf
1/14/2011,23,245,148,Central,IL,Herbal Tea,Chamomile,Decaf
1/19/2011,0,213,106,Central,IL,Herbal Tea,Lemon,Decaf
1/4/2011,1,262,157,Central,IL,Herbal Tea,Mint,Decaf
1/7/2011,2,150,83,Central,IL,Tea,Darjeeling,Regular
1/6/2011,3,201,84,Central,IL,Tea,Earl Grey,Regular
1/2/2011,4,611,316,Central,IL,Espresso,Caffe Mocha,Regular
1/9/2011,5,510,218,Central,IL,Espresso,Decaf Espresso,Decaf
1/8/2011,6,386,173,Central,IL,Coffee,Columbian,Regular
1/12/2011,7,262,136,Central,IL,Coffee,Decaf Irish Cream,Decaf
1/5/2011,8,611,315,Central,IA,Herbal Tea,Chamomile,Decaf
1/31/2011,9,262,134,Central,IA,Herbal Tea,Lemon,Decaf
1/16/2011,10,510,220,Central,IA,Tea,Darjeeling,Regular
1/13/2011,11,611,273,Central,IA,Tea,Earl Grey,Regular
1/8/2011,12,48,17,Central,IA,Espresso,Caffe Mocha,Regular
1/12/2011,13,48,16,Central,IA,Espresso,Decaf Espresso,Decaf
1/13/2011,14,50,17,Central,IA,Coffee,Amaretto,Regular
1/29/2011,15,69,8,Central,IA,Coffee,Columbian,Regular
1/16/2011,16,60,19,Central,IA,Coffee,Decaf Irish Cream,Decaf
1/19/2011,17,101,17,Central,MO,Herbal Tea,Chamomile,Decaf
1/1/2011,18,111,61,Central,MO,Herbal Tea,Lemon,Decaf
1/19/2011,19,92,14,Central,MO,Tea,Darjeeling,Regular
1/25/2011,20,73,14,Central,MO,Tea,Earl Grey,Regular
1/21/2011,21,85,6,Central,MO,Tea,Green Tea,Regular
1/17/2011,22,138,75,Central,MO,Espresso,Caffe Mocha,Regular
1/26/2011,23,128,70,Central,MO,Espresso,Decaf Espresso,Decaf
1/30/2011,0,213,61,Central,MO,Coffee,Columbian,Regular
1/10/2011,1,190,73,Central,MO,Coffee,Decaf Irish Cream,Decaf
1/25/2011,2,90,45,Central,OH,Herbal Tea,Chamomile,Decaf
1/9/2011,3,90,45,Central,OH,Herbal Tea,Lemon,Decaf
1/1/2011,4,235,106,Central,OH,Tea,Darjeeling,Regular
1/3/2011,5,224,104,Central,OH,Tea,Earl Grey,Regular
1/11/2011,6,382,154,Central,OH,Espresso,Caffe Mocha,Regular
1/10/2011,7,145,25,Central,OH,Espresso,Decaf Espresso,Decaf
1/1/2011,8,157,53,Central,OH,Coffee,Amaretto,Regular
1/6/2011,9,157,65,Central,OH,Coffee,Columbian,Regular
1/14/2011,10,168,0,Central,OH,Coffee,Decaf Irish Cream,Decaf
1/24/2011,11,201,109,Central,WI,Herbal Tea,Chamomile,Decaf
1/22/2011,12,91,44,Central,WI,Herbal Tea,Lemon,Decaf
1/23/2011,13,168,73,Central,WI,Tea,Darjeeling,Regular
1/15/2011,14,201,11,Central,WI,Tea,Earl Grey,Regular
1/29/2011,15,168,59,Central,WI,Espresso,Caffe Mocha,Regular
1/31/2011,16,123,53,Central,WI,Espresso,Decaf Espresso,Decaf
1/29/2011,17,134,20,Central,WI,Coffee,Amaretto,Regular
1/15/2011,18,213,14,Central,WI,Coffee,Columbian,Regular
1/29/2011,19,201,79,Central,WI,Coffee,Decaf Irish Cream,Decaf
1/12/2011,20,213,62,East,CT,Herbal Tea,Lemon,Decaf
1/19/2011,21,190,73,East,CT,Herbal Tea,Mint,Decaf
1/18/2011,22,138,73,East,CT,Tea,Darjeeling,Regular
1/27/2011,23,105,55,East,CT,Tea,Green Tea,Regular
1/9/2011,0,201,11,East,CT,Espresso,Caffe Mocha,Regular
1/21/2011,1,145,47,East,CT,Espresso,Decaf Espresso,Decaf
1/19/2011,2,347,179,East,CT,Coffee,Columbian,Regular
1/21/2011,3,123,53,East,FL,Herbal Tea,Chamomile,Decaf
1/10/2011,4,134,20,East,FL,Herbal Tea,Lemon,Decaf
1/11/2011,5,168,61,East,FL,Herbal Tea,Mint,Decaf
1/6/2011,6,90,44,East,FL,Tea,Darjeeling,Regular
1/4/2011,7,91,44,East,FL,Tea,Green Tea,Regular
1/9/2011,8,213,14,East,FL,Espresso,Caffe Mocha,Regular
1/11/2011,9,201,78,East,FL,Espresso,Decaf Espresso,Decaf
1/17/2011,10,235,106,East,FL,Coffee,Columbian,Regular
1/31/2011,11,224,104,East,FL,Coffee,Decaf Irish Cream,Decaf
1/1/2011,12,145,26,East,MA,Herbal Tea,Lemon,Decaf
1/22/2011,13,90,45,East,MA,Tea,Darjeeling,Regular
1/29/2011,14,90,45,East,MA,Tea,Green Tea,Regular
1/27/2011,15,141,36,East,MA,Espresso,Caffe Mocha,Regular
1/4/2011,16,382,156,East,MA,Espresso,Regular Espresso,Regular
1/30/2011,17,553,572,East,MA,Coffee,Columbian,Regular
1/14/2011,18,85,6,East,NH,Herbal Tea,Lemon,Decaf
1/28/2011,19,50,16,East,NH,Tea,Darjeeling,Regular
1/27/2011,20,48,17,East,NH,Tea,Green Tea,Regular
1/12/2011,21,101,16,East,NH,Espresso,Caffe Mocha,Regular
1/20/2011,22,73,12,East,NH,Espresso,Regular Espresso,Regular
1/27/2011,23,104,31,East,NH,Coffee,Amaretto,Regular
1/1/2011,0,134,39,East,NH,Coffee,Columbian,Regular
1/3/2011,1,540,173,East,NY,Herbal Tea,Lemon,Decaf
1/12/2011,2,201,176,East,NY,Herbal Tea,Mint,Decaf
1/5/2011,3,262,157,East,NY,Tea,Darjeeling,Regular
1/2/2011,4,245,146,East,NY,Tea,Earl Grey,Regular
1/25/2011,5,150,84,East,NY,Tea,Green Tea,Regular
1/11/2011,6,68,268,East,NY,Espresso,Caffe Mocha,Regular
1/26/2011,7,548,273,East,NY,Espresso,Regular Espresso,Regular
1/6/2011,8,759,408,East,NY,Coffee,Columbian,Regular
1/21/2011,9,125,55,South,LA,Herbal Tea,Chamomile,Decaf
1/28/2011,10,213,62,South,LA,Herbal Tea,Lemon,Decaf
1/24/2011,11,95,47,South,LA,Coffee,Columbian,Regular
1/8/2011,12,91,44,South,LA,Coffee,Decaf Irish Cream,Decaf
1/12/2011,13,201,12,South,LA,Espresso,Caffe Latte,Regular
1/12/2011,14,201,109,South,LA,Espresso,Caffe Mocha,Regular
1/9/2011,15,168,75,South,LA,Espresso,Decaf Espresso,Decaf
1/11/2011,16,50,17,South,NM,Herbal Tea,Chamomile,Decaf
1/3/2011,17,69,6,South,NM,Herbal Tea,Lemon,Decaf
1/14/2011,18,134,41,South,NM,Coffee,Columbian,Regular
1/15/2011,19,111,61,South,NM,Coffee,Decaf Irish Cream,Decaf
1/1/2011,20,73,12,South,NM,Espresso,Caffe Latte,Regular
1/20/2011,21,101,16,South,NM,Espresso,Caffe Mocha,Regular
1/2/2011,22,92,14,South,NM,Espresso,Decaf Espresso,Decaf
1/6/2011,23,134,20,South,OK,Herbal Tea,Chamomile,Decaf
1/22/2011,0,213,16,South,OK,Herbal Tea,Lemon,Decaf
1/18/2011,1,112,45,South,OK,Coffee,Columbian,Regular
1/1/2011,2,90,44,South,OK,Coffee,Decaf Irish Cream,Decaf
1/9/2011,3,224,103,South,OK,Espresso,Caffe Latte,Regular
1/12/2011,4,90,44,South,OK,Espresso,Caffe Mocha,Regular
1/5/2011,5,235,104,South,OK,Espresso,Decaf Espresso,Decaf
1/3/2011,6,157,51,South,TX,Herbal Tea,Chamomile,Decaf
1/15/2011,7,157,65,South,TX,Herbal Tea,Lemon,Decaf
1/12/2011,8,506,248,South,TX,Coffee,Columbian,Regular
1/26/2011,9,213,106,South,TX,Coffee,Decaf Irish Cream,Decaf
1/17/2011,10,201,83,South,TX,Espresso,Caffe Latte,Regular
1/26/2011,11,245,148,South,TX,Espresso,Caffe Mocha,Regular
1/15/2011,12,150,84,South,TX,Espresso,Decaf Espresso,Decaf
1/1/2011,13,104,33,West,UT,Herbal Tea,Chamomile,Decaf
1/1/2011,14,134,39,West,UT,Herbal Tea,Lemon,Decaf
1/6/2011,15,111,62,West,UT,Herbal Tea,Mint,Decaf
1/12/2011,16,101,16,West,UT,Tea,Darjeeling,Regular
1/23/2011,17,92,14,West,UT,Tea,Earl Grey,Regular
1/5/2011,18,73,14,West,UT,Tea,Green Tea,Regular
1/9/2011,19,138,73,West,UT,Espresso,Decaf Espresso,Decaf
1/20/2011,20,190,73,West,UT,Coffee,Amaretto,Regular
1/9/2011,21,145,47,West,UT,Coffee,Columbian,Regular
1/10/2011,22,213,61,West,UT,Coffee,Decaf Irish Cream,Decaf
1/5/2011,23,128,69,West,UT,Espresso,Caffe Latte,Regular
1/13/2011,0,125,53,West,UT,Espresso,Caffe Mocha,Regular
1/28/2011,1,262,159,West,CA,Herbal Tea,Chamomile,Decaf
1/28/2011,2,506,249,West,CA,Herbal Tea,Lemon,Decaf
1/13/2011,3,213,104,West,CA,Herbal Tea,Mint,Decaf
1/21/2011,4,245,146,West,CA,Tea,Darjeeling,Regular
1/8/2011,5,150,84,West,CA,Tea,Earl Grey,Regular
1/30/2011,6,201,84,West,CA,Tea,Green Tea,Regular
1/20/2011,7,611,316,West,CA,Espresso,Decaf Espresso,Decaf
1/7/2011,8,162,3,West,CA,Coffee,Amaretto,Regular
1/4/2011,9,759,408,West,CA,Coffee,Columbian,Regular
1/18/2011,10,132,182,West,CA,Coffee,Decaf Irish Cream,Decaf
1/9/2011,11,510,218,West,CA,Espresso,Caffe Latte,Regular
1/3/2011,12,280,26,West,CA,Espresso,Caffe Mocha,Regular
1/5/2011,13,280,25,West,NV,Herbal Tea,Chamomile,Decaf
1/2/2011,14,386,173,West,NV,Herbal Tea,Lemon,Decaf
1/22/2011,15,262,134,West,NV,Herbal Tea,Mint,Decaf
1/25/2011,16,611,316,West,NV,Tea,Darjeeling,Regular
1/26/2011,17,510,220,West,NV,Tea,Earl Grey,Regular
1/9/2011,18,19,552,West,NV,Tea,Green Tea,Regular
1/28/2011,19,48,17,West,NV,Espresso,Decaf Espresso,Decaf
1/19/2011,20,85,5,West,NV,Coffee,Columbian,Regular
1/1/2011,21,69,6,West,NV,Coffee,Decaf Irish Cream,Decaf
1/11/2011,22,48,17,West,NV,Espresso,Caffe Latte,Regular
1/17/2011,23,50,16,West,NV,Espresso,Caffe Mocha,Regular
1/20/2011,0,101,51,West,OR,Herbal Tea,Chamomile,Decaf
1/14/2011,1,112,45,West,OR,Herbal Tea,Lemon,Decaf
1/26/2011,2,90,44,West,OR,Tea,Darjeeling,Regular
1/5/2011,3,235,106,West,OR,Tea,Earl Grey,Regular
1/31/2011,4,224,104,West,OR,Tea,Green Tea,Regular
1/26/2011,5,382,154,West,OR,Espresso,Decaf Espresso,Decaf
1/11/2011,6,168,2,West,OR,Coffee,Amaretto,Regular
1/20/2011,7,179,44,West,OR,Coffee,Columbian,Regular
1/10/2011,8,157,65,West,OR,Coffee,Decaf Irish Cream,Decaf
1/3/2011,9,145,25,West,OR,Espresso,Caffe Latte,Regular
1/17/2011,10,157,51,West,OR,Espresso,Caffe Mocha,Regular
1/26/2011,11,347,179,West,WA,Herbal Tea,Chamomile,Decaf
1/24/2011,12,95,47,West,WA,Herbal Tea,Lemon,Decaf
1/30/2011,13,201,109,West,WA,Tea,Darjeeling,Regular
1/11/2011,14,168,75,West,WA,Tea,Earl Grey,Regular
1/13/2011,15,201,12,West,WA,Tea,Green Tea,Regular
1/5/2011,16,123,55,West,WA,Espresso,Caffe Latte,Regular
1/11/2011,17,134,20,West,WA,Espresso,Caffe Mocha,Regular
1/18/2011,18,168,61,West,WA,Espresso,Decaf Espresso,Decaf
1/18/2011,19,145,59,West,WA,Coffee,Columbian,Regular
1/5/2011,20,213,14,West,WA,Coffee,Decaf Irish Cream,Decaf
2/4/2011,21,362,147,Central,CO,Herbal Tea,Chamomile,Decaf
2/12/2011,22,137,4,Central,CO,Herbal Tea,Lemon,Decaf
2/25/2011,23,149,49,Central,CO,Herbal Tea,Mint,Decaf
2/6/2011,0,141,27,Central,CO,Tea,Darjeeling,Regular
2/15/2011,1,145,50,Central,CO,Tea,Earl Grey,Regular
2/4/2011,2,107,45,Central,CO,Tea,Green Tea,Regular
2/26/2011,3,201,119,Central,CO,Espresso,Caffe Mocha,Regular
2/23/2011,4,201,88,Central,CO,Espresso,Decaf Espresso,Decaf
2/17/2011,5,259,156,Central,CO,Coffee,Amaretto,Regular
2/12/2011,6,202,101,Central,CO,Coffee,Columbian,Regular
2/15/2011,7,247,147,Central,CO,Coffee,Decaf Irish Cream,Decaf
2/26/2011,8,259,156,Central,IL,Herbal Tea,Chamomile,Decaf
2/27/2011,9,202,101,Central,IL,Herbal Tea,Lemon,Decaf
2/15/2011,10,247,147,Central,IL,Herbal Tea,Mint,Decaf
2/16/2011,11,201,117,Central,IL,Tea,Darjeeling,Regular
2/27/2011,12,201,88,Central,IL,Tea,Earl Grey,Regular
2/17/2011,13,581,298,Central,IL,Espresso,Caffe Mocha,Regular
2/23/2011,14,487,211,Central,IL,Espresso,Decaf Espresso,Decaf
2/20/2011,15,377,171,Central,IL,Coffee,Columbian,Regular
2/14/2011,16,271,141,Central,IL,Coffee,Decaf Irish Cream,Decaf
2/7/2011,17,581,298,Central,IA,Herbal Tea,Chamomile,Decaf
2/18/2011,18,271,141,Central,IA,Herbal Tea,Lemon,Decaf
2/6/2011,19,487,209,Central,IA,Tea,Darjeeling,Regular
2/6/2011,20,569,251,Central,IA,Tea,Earl Grey,Regular
2/25/2011,21,50,16,Central,IA,Espresso,Caffe Mocha,Regular
2/4/2011,22,46,47,Central,IA,Espresso,Decaf Espresso,Decaf
2/19/2011,23,48,15,Central,IA,Coffee,Amaretto,Regular
2/13/2011,0,67,9,Central,IA,Coffee,Columbian,Regular
2/18/2011,1,58,18,Central,IA,Coffee,Decaf Irish Cream,Decaf
2/22/2011,2,111,12,Central,MO,Herbal Tea,Chamomile,Decaf
2/9/2011,3,109,47,Central,MO,Herbal Tea,Lemon,Decaf
2/2/2011,4,87,13,Central,MO,Tea,Darjeeling,Regular
2/25/2011,5,72,10,Central,MO,Tea,Earl Grey,Regular
2/11/2011,6,79,6,Central,MO,Tea,Green Tea,Regular
2/20/2011,7,131,71,Central,MO,Espresso,Caffe Mocha,Regular
2/26/2011,8,110,56,Central,MO,Espresso,Decaf Espresso,Decaf
2/8/2011,9,206,62,Central,MO,Coffee,Columbian,Regular
2/29/2011,10,176,68,Central,MO,Coffee,Decaf Irish Cream,Decaf
2/25/2011,11,60,25,Central,OH,Herbal Tea,Chamomile,Decaf
2/23/2011,12,85,42,Central,OH,Herbal Tea,Lemon,Decaf
2/20/2011,13,213,92,Central,OH,Tea,Darjeeling,Regular
2/16/2011,14,220,105,Central,OH,Tea,Earl Grey,Regular
2/12/2011,15,362,145,Central,OH,Espresso,Caffe Mocha,Regular
2/24/2011,16,141,27,Central,OH,Espresso,Decaf Espresso,Decaf
2/18/2011,17,149,49,Central,OH,Coffee,Amaretto,Regular
2/23/2011,18,136,56,Central,OH,Coffee,Columbian,Regular
2/29/2011,19,137,4,Central,OH,Coffee,Decaf Irish Cream,Decaf
2/23/2011,20,185,98,Central,WI,Herbal Tea,Chamomile,Decaf
2/25/2011,21,123,64,Central,WI,Herbal Tea,Lemon,Decaf
2/15/2011,22,146,61,Central,WI,Tea,Darjeeling,Regular
2/26/2011,23,165,4,Central,WI,Tea,Earl Grey,Regular
2/10/2011,0,164,62,Central,WI,Espresso,Caffe Mocha,Regular
2/6/2011,1,117,52,Central,WI,Espresso,Decaf Espresso,Decaf
2/15/2011,2,126,18,Central,WI,Coffee,Amaretto,Regular
2/1/2011,3,234,22,Central,WI,Coffee,Columbian,Regular
2/24/2011,4,192,74,Central,WI,Coffee,Decaf Irish Cream,Decaf
2/8/2011,5,206,61,East,CT,Herbal Tea,Lemon,Decaf
2/20/2011,6,176,68,East,CT,Herbal Tea,Mint,Decaf
2/24/2011,7,131,71,East,CT,Tea,Darjeeling,Regular
2/20/2011,8,70,31,East,CT,Tea,Green Tea,Regular
2/19/2011,9,165,4,East,CT,Espresso,Caffe Mocha,Regular
2/7/2011,10,139,43,East,CT,Espresso,Decaf Espresso,Decaf
2/14/2011,11,346,180,East,CT,Coffee,Columbian,Regular
2/28/2011,12,117,50,East,FL,Herbal Tea,Chamomile,Decaf
2/7/2011,13,126,18,East,FL,Herbal Tea,Lemon,Decaf
2/7/2011,14,164,62,East,FL,Herbal Tea,Mint,Decaf
2/8/2011,15,85,42,East,FL,Tea,Darjeeling,Regular
2/23/2011,16,123,65,East,FL,Tea,Green Tea,Regular
2/10/2011,17,234,24,East,FL,Espresso,Caffe Mocha,Regular
2/18/2011,18,192,76,East,FL,Espresso,Decaf Espresso,Decaf
2/6/2011,19,213,93,East,FL,Coffee,Columbian,Regular
2/3/2011,0,220,105,East,FL,Coffee,Decaf Irish Cream,Decaf
2/9/2011,1,141,27,East,MA,Herbal Tea,Lemon,Decaf
2/7/2011,2,85,42,East,MA,Tea,Darjeeling,Regular
2/27/2011,3,60,25,East,MA,Tea,Green Tea,Regular
2/28/2011,4,136,6,East,MA,Espresso,Caffe Mocha,Regular
2/1/2011,5,362,147,East,MA,Espresso,Regular Espresso,Regular
2/18/2011,6,501,505,East,MA,Coffee,Columbian,Regular
2/2/2011,7,79,6,East,NH,Herbal Tea,Lemon,Decaf
2/13/2011,8,48,16,East,NH,Tea,Darjeeling,Regular
2/16/2011,9,46,47,East,NH,Tea,Green Tea,Regular
2/25/2011,10,111,10,East,NH,Espresso,Caffe Mocha,Regular
2/19/2011,11,72,9,East,NH,Espresso,Regular Espresso,Regular
2/8/2011,12,108,37,East,NH,Coffee,Amaretto,Regular
2/27/2011,13,121,34,East,NH,Coffee,Columbian,Regular
2/23/2011,14,528,194,East,NY,Herbal Tea,Lemon,Decaf
2/17/2011,15,192,178,East,NY,Herbal Tea,Mint,Decaf
2/27/2011,16,247,148,East,NY,Tea,Darjeeling,Regular
2/11/2011,17,259,156,East,NY,Tea,Earl Grey,Regular
2/10/2011,18,201,117,East,NY,Tea,Green Tea,Regular
2/18/2011,19,65,301,East,NY,Espresso,Caffe Mocha,Regular
2/3/2011,0,618,392,East,NY,Espresso,Regular Espresso,Regular
2/11/2011,1,687,364,East,NY,Coffee,Columbian,Regular
2/6/2011,2,119,52,South,LA,Herbal Tea,Chamomile,Decaf
2/24/2011,3,206,62,South,LA,Herbal Tea,Lemon,Decaf
2/21/2011,4,100,50,South,LA,Coffee,Columbian,Regular
2/20/2011,5,123,65,South,LA,Coffee,Decaf Irish Cream,Decaf
2/27/2011,6,165,3,South,LA,Espresso,Caffe Latte,Regular
2/24/2011,7,185,96,South,LA,Espresso,Caffe Mocha,Regular
2/16/2011,8,146,61,South,LA,Espresso,Decaf Espresso,Decaf
2/1/2011,9,48,15,South,NM,Herbal Tea,Chamomile,Decaf
2/3/2011,10,67,7,South,NM,Herbal Tea,Lemon,Decaf
2/15/2011,11,121,36,South,NM,Coffee,Columbian,Regular
2/28/2011,12,109,46,South,NM,Coffee,Decaf Irish Cream,Decaf
2/25/2011,13,72,10,South,NM,Espresso,Caffe Latte,Regular
2/28/2011,14,111,10,South,NM,Espresso,Caffe Mocha,Regular
2/29/2011,15,87,12,South,NM,Espresso,Decaf Espresso,Decaf
2/11/2011,16,126,16,South,OK,Herbal Tea,Chamomile,Decaf
2/10/2011,17,234,22,South,OK,Herbal Tea,Lemon,Decaf
2/23/2011,18,107,43,South,OK,Coffee,Columbian,Regular
2/7/2011,19,85,43,South,OK,Coffee,Decaf Irish Cream,Decaf
2/28/2011,20,220,104,South,OK,Espresso,Caffe Latte,Regular
2/27/2011,21,60,25,South,OK,Espresso,Caffe Mocha,Regular
2/11/2011,22,213,93,South,OK,Espresso,Decaf Espresso,Decaf
2/11/2011,23,149,49,South,TX,Herbal Tea,Chamomile,Decaf
2/21/2011,16,136,56,South,TX,Herbal Tea,Lemon,Decaf
2/21/2011,17,496,243,South,TX,Coffee,Columbian,Regular
2/24/2011,18,202,101,South,TX,Coffee,Decaf Irish Cream,Decaf
2/18/2011,19,201,86,South,TX,Espresso,Caffe Latte,Regular
2/3/2011,20,259,157,South,TX,Espresso,Caffe Mocha,Regular
2/17/2011,21,201,119,South,TX,Espresso,Decaf Espresso,Decaf
2/2/2011,22,108,36,West,UT,Herbal Tea,Chamomile,Decaf
2/22/2011,23,121,36,West,UT,Herbal Tea,Lemon,Decaf
2/20/2011,0,109,46,West,UT,Herbal Tea,Mint,Decaf
2/18/2011,1,111,10,West,UT,Tea,Darjeeling,Regular
2/7/2011,2,87,13,West,UT,Tea,Earl Grey,Regular
2/21/2011,3,72,9,West,UT,Tea,Green Tea,Regular
2/22/2011,4,131,71,West,UT,Espresso,Decaf Espresso,Decaf
2/10/2011,5,176,68,West,UT,Coffee,Amaretto,Regular
2/1/2011,6,139,45,West,UT,Coffee,Columbian,Regular
2/25/2011,7,206,61,West,UT,Coffee,Decaf Irish Cream,Decaf
2/23/2011,0,110,56,West,UT,Espresso,Caffe Latte,Regular
2/15/2011,1,119,52,West,UT,Espresso,Caffe Mocha,Regular
2/21/2011,2,247,148,West,CA,Herbal Tea,Chamomile,Decaf
2/23/2011,3,496,243,West,CA,Herbal Tea,Lemon,Decaf
2/10/2011,4,202,101,West,CA,Herbal Tea,Mint,Decaf
2/27/2011,5,259,157,West,CA,Tea,Darjeeling,Regular
2/17/2011,6,201,119,West,CA,Tea,Earl Grey,Regular
2/9/2011,7,201,86,West,CA,Tea,Green Tea,Regular
2/8/2011,8,581,300,West,CA,Espresso,Decaf Espresso,Decaf
2/26/2011,9,141,40,West,CA,Coffee,Amaretto,Regular
2/11/2011,10,687,364,West,CA,Coffee,Columbian,Regular
2/5/2011,11,130,174,West,CA,Coffee,Decaf Irish Cream,Decaf
2/28/2011,12,487,211,West,CA,Espresso,Caffe Latte,Regular
2/19/2011,13,309,39,West,CA,Espresso,Caffe Mocha,Regular
2/29/2011,14,309,39,West,NV,Herbal Tea,Chamomile,Decaf
2/6/2011,15,377,171,West,NV,Herbal Tea,Lemon,Decaf
2/25/2011,16,271,140,West,NV,Herbal Tea,Mint,Decaf
2/15/2011,17,581,300,West,NV,Tea,Darjeeling,Regular
2/18/2011,18,487,211,West,NV,Tea,Earl Grey,Regular
2/2/2011,19,25,508,West,NV,Tea,Green Tea,Regular
2/17/2011,20,50,16,West,NV,Espresso,Decaf Espresso,Decaf
2/19/2011,21,79,7,West,NV,Coffee,Columbian,Regular
2/15/2011,22,67,9,West,NV,Coffee,Decaf Irish Cream,Decaf
2/2/2011,23,46,46,West,NV,Espresso,Caffe Latte,Regular
2/15/2011,8,48,15,West,NV,Espresso,Caffe Mocha,Regular
2/2/2011,9,86,42,West,OR,Herbal Tea,Chamomile,Decaf
2/25/2011,10,107,45,West,OR,Herbal Tea,Lemon,Decaf
2/18/2011,11,60,25,West,OR,Tea,Darjeeling,Regular
2/21/2011,12,213,92,West,OR,Tea,Earl Grey,Regular
2/19/2011,13,220,105,West,OR,Tea,Green Tea,Regular
2/19/2011,14,362,147,West,OR,Espresso,Decaf Espresso,Decaf
2/28/2011,15,137,6,West,OR,Coffee,Amaretto,Regular
2/6/2011,16,165,37,West,OR,Coffee,Columbian,Regular
2/14/2011,17,136,56,West,OR,Coffee,Decaf Irish Cream,Decaf
2/25/2011,18,141,27,West,OR,Espresso,Caffe Latte,Regular
2/15/2011,19,149,49,West,OR,Espresso,Caffe Mocha,Regular
2/23/2011,20,346,180,West,WA,Herbal Tea,Chamomile,Decaf
2/6/2011,21,100,50,West,WA,Herbal Tea,Lemon,Decaf
2/21/2011,0,185,98,West,WA,Tea,Darjeeling,Regular
2/27/2011,1,146,61,West,WA,Tea,Earl Grey,Regular
2/5/2011,2,165,4,West,WA,Tea,Green Tea,Regular
2/13/2011,3,117,52,West,WA,Espresso,Caffe Latte,Regular
2/2/2011,4,126,18,West,WA,Espresso,Caffe Mocha,Regular
2/7/2011,5,164,61,West,WA,Espresso,Decaf Espresso,Decaf
2/20/2011,6,151,65,West,WA,Coffee,Columbian,Regular
2/26/2011,7,234,22,West,WA,Coffee,Decaf Irish Cream,Decaf
3/11/2011,8,346,140,Central,CO,Herbal Tea,Chamomile,Decaf
3/1/2011,9,133,6,Central,CO,Herbal Tea,Lemon,Decaf
3/29/2011,10,143,46,Central,CO,Herbal Tea,Mint,Decaf
3/15/2011,11,137,24,Central,CO,Tea,Darjeeling,Regular
3/29/2011,12,144,47,Central,CO,Tea,Earl Grey,Regular
3/11/2011,13,104,43,Central,CO,Tea,Green Tea,Regular
3/22/2011,14,211,125,Central,CO,Espresso,Caffe Mocha,Regular
3/1/2011,15,192,80,Central,CO,Espresso,Decaf Espresso,Decaf
3/16/2011,16,227,134,Central,CO,Coffee,Amaretto,Regular
3/11/2011,17,206,102,Central,CO,Coffee,Columbian,Regular
3/11/2011,0,249,150,Central,CO,Coffee,Decaf Irish Cream,Decaf
3/30/2011,1,227,135,Central,IL,Herbal Tea,Chamomile,Decaf
3/24/2011,2,206,104,Central,IL,Herbal Tea,Lemon,Decaf
3/11/2011,3,249,151,Central,IL,Herbal Tea,Mint,Decaf
3/20/2011,4,211,125,Central,IL,Tea,Darjeeling,Regular
3/13/2011,5,192,79,Central,IL,Tea,Earl Grey,Regular
3/18/2011,6,604,313,Central,IL,Espresso,Caffe Mocha,Regular
3/30/2011,7,509,220,Central,IL,Espresso,Decaf Espresso,Decaf
3/20/2011,8,391,177,Central,IL,Coffee,Columbian,Regular
3/5/2011,9,285,151,Central,IL,Coffee,Decaf Irish Cream,Decaf
3/26/2011,10,604,315,Central,IA,Herbal Tea,Chamomile,Decaf
3/23/2011,11,285,151,Central,IA,Herbal Tea,Lemon,Decaf
3/4/2011,12,509,220,Central,IA,Tea,Darjeeling,Regular
3/6/2011,13,582,260,Central,IA,Tea,Earl Grey,Regular
3/10/2011,14,44,13,Central,IA,Espresso,Caffe Mocha,Regular
3/14/2011,15,46,47,Central,IA,Espresso,Decaf Espresso,Decaf
3/17/2011,16,48,15,Central,IA,Coffee,Amaretto,Regular
3/9/2011,17,67,9,Central,IA,Coffee,Columbian,Regular
3/26/2011,18,58,18,Central,IA,Coffee,Decaf Irish Cream,Decaf
3/25/2011,19,114,9,Central,MO,Herbal Tea,Chamomile,Decaf
3/9/2011,20,113,47,Central,MO,Herbal Tea,Lemon,Decaf
3/20/2011,21,91,16,Central,MO,Tea,Darjeeling,Regular
3/4/2011,22,80,4,Central,MO,Tea,Earl Grey,Regular
3/21/2011,23,80,6,Central,MO,Tea,Green Tea,Regular
3/11/2011,16,129,70,Central,MO,Espresso,Caffe Mocha,Regular
3/21/2011,17,126,67,Central,MO,Espresso,Decaf Espresso,Decaf
3/10/2011,18,201,58,Central,MO,Coffee,Columbian,Regular
3/22/2011,19,174,67,Central,MO,Coffee,Decaf Irish Cream,Decaf
3/13/2011,20,56,22,Central,OH,Herbal Tea,Chamomile,Decaf
3/13/2011,21,84,42,Central,OH,Herbal Tea,Lemon,Decaf
3/7/2011,22,224,101,Central,OH,Tea,Darjeeling,Regular
3/23/2011,23,228,110,Central,OH,Tea,Earl Grey,Regular
3/26/2011,0,346,140,Central,OH,Espresso,Caffe Mocha,Regular
3/29/2011,1,137,22,Central,OH,Espresso,Decaf Espresso,Decaf
3/16/2011,2,143,47,Central,OH,Coffee,Amaretto,Regular
3/6/2011,3,129,52,Central,OH,Coffee,Columbian,Regular
3/19/2011,4,133,6,Central,OH,Coffee,Decaf Irish Cream,Decaf
3/7/2011,5,178,93,Central,WI,Herbal Tea,Chamomile,Decaf
3/13/2011,6,129,70,Central,WI,Herbal Tea,Lemon,Decaf
3/27/2011,7,137,56,Central,WI,Tea,Darjeeling,Regular
3/14/2011,8,160,1,Central,WI,Tea,Earl Grey,Regular
3/29/2011,9,165,61,Central,WI,Espresso,Caffe Mocha,Regular
3/12/2011,10,119,50,Central,WI,Espresso,Decaf Espresso,Decaf
3/22/2011,11,128,19,Central,WI,Coffee,Amaretto,Regular
3/19/2011,12,242,25,Central,WI,Coffee,Columbian,Regular
3/4/2011,13,200,82,Central,WI,Coffee,Decaf Irish Cream,Decaf
3/13/2011,14,201,58,East,CT,Herbal Tea,Lemon,Decaf
3/29/2011,15,174,68,East,CT,Herbal Tea,Mint,Decaf
3/2/2011,16,129,70,East,CT,Tea,Darjeeling,Regular
3/12/2011,17,66,27,East,CT,Tea,Green Tea,Regular
3/8/2011,18,160,0,East,CT,Espresso,Caffe Mocha,Regular
3/8/2011,19,132,39,East,CT,Espresso,Decaf Espresso,Decaf
3/12/2011,20,329,169,East,CT,Coffee,Columbian,Regular
3/29/2011,21,119,52,East,FL,Herbal Tea,Chamomile,Decaf
3/16/2011,22,128,18,East,FL,Herbal Tea,Lemon,Decaf
3/25/2011,6,165,59,East,FL,Herbal Tea,Mint,Decaf
3/11/2011,7,86,40,East,FL,Tea,Darjeeling,Regular
3/15/2011,8,129,70,East,FL,Tea,Green Tea,Regular
3/30/2011,9,228,110,East,FL,Coffee,Decaf Irish Cream,Decaf
3/5/2011,10,242,25,East,FL,Espresso,Caffe Mocha,Regular
3/3/2011,11,200,80,East,FL,Espresso,Decaf Espresso,Decaf
3/22/2011,12,224,99,East,FL,Coffee,Columbian,Regular
3/29/2011,13,137,24,East,MA,Herbal Tea,Lemon,Decaf
3/4/2011,14,84,42,East,MA,Tea,Darjeeling,Regular
3/21/2011,15,56,22,East,MA,Tea,Green Tea,Regular
3/5/2011,16,133,6,East,MA,Espresso,Caffe Mocha,Regular
3/22/2011,17,346,140,East,MA,Espresso,Regular Espresso,Regular
3/20/2011,18,524,543,East,MA,Coffee,Columbian,Regular
3/2/2011,19,80,4,East,NH,Herbal Tea,Lemon,Decaf
3/25/2011,13,48,16,East,NH,Tea,Darjeeling,Regular
3/31/2011,14,46,47,East,NH,Tea,Green Tea,Regular
3/14/2011,15,114,10,East,NH,Espresso,Caffe Mocha,Regular
3/11/2011,16,80,6,East,NH,Espresso,Regular Espresso,Regular
3/2/2011,17,114,43,East,NH,Coffee,Amaretto,Regular
3/7/2011,18,127,39,East,NH,Coffee,Columbian,Regular
3/19/2011,19,547,209,East,NY,Herbal Tea,Lemon,Decaf
3/19/2011,20,194,177,East,NY,Herbal Tea,Mint,Decaf
3/8/2011,21,249,151,East,NY,Tea,Darjeeling,Regular
3/21/2011,22,227,135,East,NY,Tea,Earl Grey,Regular
3/2/2011,23,211,123,East,NY,Tea,Green Tea,Regular
3/30/2011,0,67,309,East,NY,Espresso,Caffe Mocha,Regular
3/3/2011,1,557,288,East,NY,Espresso,Regular Espresso,Regular
3/11/2011,2,719,384,East,NY,Coffee,Columbian,Regular
3/21/2011,3,117,50,South,LA,Herbal Tea,Chamomile,Decaf
3/16/2011,4,201,58,South,LA,Herbal Tea,Lemon,Decaf
3/17/2011,5,87,43,South,LA,Coffee,Columbian,Regular
3/12/2011,6,129,70,South,LA,Coffee,Decaf Irish Cream,Decaf
3/24/2011,7,160,1,South,LA,Espresso,Caffe Latte,Regular
3/9/2011,8,178,93,South,LA,Espresso,Caffe Mocha,Regular
3/21/2011,9,137,56,South,LA,Espresso,Decaf Espresso,Decaf
3/29/2011,10,48,15,South,NM,Herbal Tea,Chamomile,Decaf
3/11/2011,11,67,7,South,NM,Herbal Tea,Lemon,Decaf
3/26/2011,12,127,39,South,NM,Coffee,Columbian,Regular
3/25/2011,13,113,49,South,NM,Coffee,Decaf Irish Cream,Decaf
3/4/2011,14,80,4,South,NM,Espresso,Caffe Latte,Regular
3/5/2011,15,114,10,South,NM,Espresso,Caffe Mocha,Regular
3/13/2011,16,91,16,South,NM,Espresso,Decaf Espresso,Decaf
3/22/2011,17,128,19,South,OK,Herbal Tea,Chamomile,Decaf
3/21/2011,18,242,25,South,OK,Herbal Tea,Lemon,Decaf
3/22/2011,19,104,43,South,OK,Coffee,Columbian,Regular
3/1/2011,20,84,40,South,OK,Coffee,Decaf Irish Cream,Decaf
3/4/2011,21,228,110,South,OK,Espresso,Caffe Latte,Regular
3/24/2011,22,56,22,South,OK,Espresso,Caffe Mocha,Regular
3/27/2011,23,224,101,South,OK,Espresso,Decaf Espresso,Decaf
3/24/2011,0,143,46,South,TX,Herbal Tea,Chamomile,Decaf
3/30/2011,1,129,52,South,TX,Herbal Tea,Lemon,Decaf
3/29/2011,2,498,246,South,TX,Coffee,Columbian,Regular
3/7/2011,3,206,104,South,TX,Coffee,Decaf Irish Cream,Decaf
3/16/2011,4,192,80,South,TX,Espresso,Caffe Latte,Regular
3/25/2011,5,227,135,South,TX,Espresso,Caffe Mocha,Regular
3/17/2011,6,211,125,South,TX,Espresso,Decaf Espresso,Decaf
3/20/2011,7,114,42,West,UT,Herbal Tea,Chamomile,Decaf
3/18/2011,8,127,39,West,UT,Herbal Tea,Lemon,Decaf
3/23/2011,9,113,47,West,UT,Herbal Tea,Mint,Decaf
3/2/2011,10,114,10,West,UT,Tea,Darjeeling,Regular
3/16/2011,11,91,15,West,UT,Tea,Earl Grey,Regular
3/8/2011,12,80,6,West,UT,Tea,Green Tea,Regular
3/11/2011,13,117,50,West,UT,Espresso,Caffe Mocha,Regular
3/18/2011,14,129,70,West,UT,Espresso,Decaf Espresso,Decaf
3/24/2011,15,174,67,West,UT,Coffee,Amaretto,Regular
3/13/2011,16,132,39,West,UT,Coffee,Columbian,Regular
3/16/2011,17,201,56,West,UT,Coffee,Decaf Irish Cream,Decaf
3/4/2011,18,126,67,West,UT,Espresso,Caffe Latte,Regular
3/7/2011,19,249,150,West,CA,Herbal Tea,Chamomile,Decaf
3/10/2011,20,498,245,West,CA,Herbal Tea,Lemon,Decaf
3/14/2011,21,206,102,West,CA,Herbal Tea,Mint,Decaf
3/8/2011,22,227,135,West,CA,Tea,Darjeeling,Regular
3/9/2011,23,211,125,West,CA,Tea,Earl Grey,Regular
3/28/2011,0,192,80,West,CA,Tea,Green Tea,Regular
3/19/2011,1,318,40,West,CA,Espresso,Caffe Mocha,Regular
3/30/2011,2,604,313,West,CA,Espresso,Decaf Espresso,Decaf
3/20/2011,6,133,61,West,CA,Coffee,Amaretto,Regular
3/8/2011,7,719,384,West,CA,Coffee,Columbian,Regular
3/4/2011,8,135,180,West,CA,Coffee,Decaf Irish Cream,Decaf
3/17/2011,9,509,221,West,CA,Espresso,Caffe Latte,Regular
3/14/2011,10,318,40,West,NV,Herbal Tea,Chamomile,Decaf
3/22/2011,11,391,177,West,NV,Herbal Tea,Lemon,Decaf
3/24/2011,12,285,151,West,NV,Herbal Tea,Mint,Decaf
3/13/2011,13,604,315,West,NV,Tea,Darjeeling,Regular
3/18/2011,14,509,220,West,NV,Tea,Earl Grey,Regular
3/7/2011,15,34,505,West,NV,Tea,Green Tea,Regular
3/30/2011,16,46,46,West,NV,Espresso,Caffe Latte,Regular
3/16/2011,17,48,15,West,NV,Espresso,Caffe Mocha,Regular
3/9/2011,18,44,15,West,NV,Espresso,Decaf Espresso,Decaf
3/8/2011,19,80,6,West,NV,Coffee,Columbian,Regular
3/30/2011,17,67,9,West,NV,Coffee,Decaf Irish Cream,Decaf
3/22/2011,18,98,49,West,OR,Herbal Tea,Chamomile,Decaf
3/22/2011,19,104,43,West,OR,Herbal Tea,Lemon,Decaf
3/21/2011,20,56,24,West,OR,Tea,Darjeeling,Regular
3/25/2011,21,224,101,West,OR,Tea,Earl Grey,Regular
3/18/2011,22,228,110,West,OR,Tea,Green Tea,Regular
3/16/2011,23,137,22,West,OR,Espresso,Caffe Latte,Regular
3/28/2011,0,143,47,West,OR,Espresso,Caffe Mocha,Regular
3/13/2011,1,346,140,West,OR,Espresso,Decaf Espresso,Decaf
3/8/2011,2,133,4,West,OR,Coffee,Amaretto,Regular
3/9/2011,3,159,36,West,OR,Coffee,Columbian,Regular
3/29/2011,4,129,50,West,OR,Coffee,Decaf Irish Cream,Decaf
3/22/2011,5,329,171,West,WA,Herbal Tea,Chamomile,Decaf
3/27/2011,6,87,43,West,WA,Herbal Tea,Lemon,Decaf
3/12/2011,7,178,92,West,WA,Tea,Darjeeling,Regular
3/20/2011,8,137,56,West,WA,Tea,Earl Grey,Regular
3/1/2011,9,160,0,West,WA,Tea,Green Tea,Regular
3/29/2011,10,119,52,West,WA,Espresso,Caffe Latte,Regular
3/15/2011,11,128,18,West,WA,Espresso,Caffe Mocha,Regular
3/17/2011,12,165,59,West,WA,Espresso,Decaf Espresso,Decaf
3/24/2011,13,160,71,West,WA,Coffee,Columbian,Regular
3/11/2011,14,242,24,West,WA,Coffee,Decaf Irish Cream,Decaf
4/19/2011,15,346,140,Central,CO,Herbal Tea,Chamomile,Decaf
4/10/2011,16,133,6,Central,CO,Herbal Tea,Lemon,Decaf
4/10/2011,17,137,43,Central,CO,Herbal Tea,Mint,Decaf
4/20/2011,18,129,19,Central,CO,Tea,Darjeeling,Regular
4/14/2011,19,147,50,Central,CO,Tea,Earl Grey,Regular
4/4/2011,20,113,47,Central,CO,Tea,Green Tea,Regular
4/8/2011,21,211,125,Central,CO,Espresso,Caffe Mocha,Regular
4/30/2011,22,181,71,Central,CO,Espresso,Decaf Espresso,Decaf
4/21/2011,23,238,142,Central,CO,Coffee,Amaretto,Regular
4/20/2011,0,190,93,Central,CO,Coffee,Columbian,Regular
4/10/2011,1,261,156,Central,CO,Coffee,Decaf Irish Cream,Decaf
4/1/2011,2,238,141,Central,IL,Herbal Tea,Chamomile,Decaf
4/18/2011,3,190,92,Central,IL,Herbal Tea,Lemon,Decaf
4/2/2011,4,261,157,Central,IL,Herbal Tea,Mint,Decaf
4/8/2011,5,211,123,Central,IL,Tea,Darjeeling,Regular
4/6/2011,6,181,73,Central,IL,Tea,Earl Grey,Regular
4/14/2011,7,626,326,Central,IL,Espresso,Caffe Mocha,Regular
4/24/2011,8,509,221,Central,IL,Espresso,Decaf Espresso,Decaf
4/19/2011,9,486,232,Central,IL,Coffee,Columbian,Regular
4/10/2011,10,321,172,Central,IL,Coffee,Decaf Irish Cream,Decaf
4/9/2011,11,626,326,Central,IA,Herbal Tea,Chamomile,Decaf
4/3/2011,12,321,171,Central,IA,Herbal Tea,Lemon,Decaf
4/6/2011,13,509,220,Central,IA,Tea,Darjeeling,Regular
4/22/2011,14,616,276,Central,IA,Tea,Earl Grey,Regular
4/3/2011,15,46,15,Central,IA,Espresso,Caffe Mocha,Regular
4/28/2011,16,46,47,Central,IA,Espresso,Decaf Espresso,Decaf
4/13/2011,17,50,16,Central,IA,Coffee,Amaretto,Regular
4/3/2011,18,65,4,Central,IA,Coffee,Columbian,Regular
4/18/2011,19,52,13,Central,IA,Coffee,Decaf Irish Cream,Decaf
4/25/2011,20,114,9,Central,MO,Herbal Tea,Chamomile,Decaf
4/11/2011,21,142,18,Central,MO,Herbal Tea,Lemon,Decaf
4/24/2011,22,94,16,Central,MO,Tea,Darjeeling,Regular
4/22/2011,23,69,13,Central,MO,Tea,Earl Grey,Regular
4/18/2011,0,84,3,Central,MO,Tea,Green Tea,Regular
4/12/2011,1,123,64,Central,MO,Espresso,Caffe Mocha,Regular
4/12/2011,2,119,65,Central,MO,Espresso,Decaf Espresso,Decaf
4/13/2011,3,190,52,Central,MO,Coffee,Columbian,Regular
4/13/2011,4,178,70,Central,MO,Coffee,Decaf Irish Cream,Decaf
4/7/2011,5,56,24,Central,OH,Herbal Tea,Chamomile,Decaf
4/15/2011,6,80,39,Central,OH,Herbal Tea,Lemon,Decaf
4/2/2011,6,237,108,Central,OH,Tea,Darjeeling,Regular
4/17/2011,7,285,144,Central,OH,Tea,Earl Grey,Regular
4/2/2011,8,346,138,Central,OH,Espresso,Caffe Mocha,Regular
4/27/2011,9,129,19,Central,OH,Espresso,Decaf Espresso,Decaf
4/26/2011,10,137,42,Central,OH,Coffee,Amaretto,Regular
4/11/2011,11,114,40,Central,OH,Coffee,Columbian,Regular
4/30/2011,12,133,4,Central,OH,Coffee,Decaf Irish Cream,Decaf
4/29/2011,13,142,68,Central,WI,Herbal Tea,Chamomile,Decaf
4/30/2011,14,129,70,Central,WI,Herbal Tea,Lemon,Decaf
4/5/2011,15,121,46,Central,WI,Tea,Darjeeling,Regular
4/1/2011,16,160,1,Central,WI,Tea,Earl Grey,Regular
4/8/2011,17,161,58,Central,WI,Espresso,Caffe Mocha,Regular
4/11/2011,18,110,47,Central,WI,Espresso,Decaf Espresso,Decaf
4/8/2011,19,135,24,Central,WI,Coffee,Amaretto,Regular
4/23/2011,21,242,25,Central,WI,Coffee,Columbian,Regular
4/7/2011,22,208,86,Central,WI,Coffee,Decaf Irish Cream,Decaf
4/14/2011,23,190,50,East,CT,Herbal Tea,Lemon,Decaf
4/8/2011,0,178,68,East,CT,Herbal Tea,Mint,Decaf
4/11/2011,1,123,64,East,CT,Tea,Darjeeling,Regular
4/28/2011,2,66,27,East,CT,Tea,Green Tea,Regular
4/1/2011,3,311,159,East,CT,Coffee,Columbian,Regular
4/4/2011,4,160,0,East,CT,Espresso,Caffe Mocha,Regular
4/12/2011,5,127,36,East,CT,Espresso,Decaf Espresso,Decaf
4/26/2011,6,110,46,East,FL,Herbal Tea,Chamomile,Decaf
4/7/2011,7,135,22,East,FL,Herbal Tea,Lemon,Decaf
4/29/2011,8,161,58,East,FL,Herbal Tea,Mint,Decaf
4/30/2011,9,91,45,East,FL,Tea,Darjeeling,Regular
4/12/2011,10,129,70,East,FL,Tea,Green Tea,Regular
4/30/2011,11,237,108,East,FL,Coffee,Columbian,Regular
4/4/2011,12,285,145,East,FL,Coffee,Decaf Irish Cream,Decaf
4/23/2011,13,242,25,East,FL,Espresso,Caffe Mocha,Regular
4/18/2011,14,208,86,East,FL,Espresso,Decaf Espresso,Decaf
4/19/2011,15,129,19,East,MA,Herbal Tea,Lemon,Decaf
4/15/2011,16,80,39,East,MA,Tea,Darjeeling,Regular
4/7/2011,17,56,24,East,MA,Tea,Green Tea,Regular
4/5/2011,18,553,589,East,MA,Coffee,Columbian,Regular
4/20/2011,19,125,18,East,MA,Espresso,Caffe Mocha,Regular
4/25/2011,20,346,140,East,MA,Espresso,Regular Espresso,Regular
4/21/2011,21,84,4,East,NH,Herbal Tea,Lemon,Decaf
4/15/2011,22,50,18,East,NH,Tea,Darjeeling,Regular
4/29/2011,23,46,47,East,NH,Tea,Green Tea,Regular
4/18/2011,0,129,49,East,NH,Coffee,Amaretto,Regular
4/7/2011,1,133,40,East,NH,Coffee,Columbian,Regular
4/21/2011,2,114,9,East,NH,Espresso,Caffe Mocha,Regular
4/10/2011,3,69,13,East,NH,Espresso,Regular Espresso,Regular
4/23/2011,4,211,123,East,NY,Tea,Green Tea,Regular
4/30/2011,5,680,367,East,NY,Herbal Tea,Lemon,Decaf
4/9/2011,6,201,156,East,NY,Herbal Tea,Mint,Decaf
4/28/2011,7,261,156,East,NY,Tea,Darjeeling,Regular
4/21/2011,8,238,141,East,NY,Tea,Earl Grey,Regular
4/3/2011,9,759,410,East,NY,Coffee,Columbian,Regular
4/8/2011,10,70,304,East,NY,Espresso,Caffe Mocha,Regular
4/29/2011,11,601,349,East,NY,Espresso,Regular Espresso,Regular
4/15/2011,12,127,56,South,LA,Herbal Tea,Chamomile,Decaf
4/27/2011,13,190,52,South,LA,Herbal Tea,Lemon,Decaf
4/24/2011,14,92,45,South,LA,Coffee,Columbian,Regular
4/1/2011,15,129,71,South,LA,Coffee,Decaf Irish Cream,Decaf
4/24/2011,16,160,1,South,LA,Espresso,Caffe Latte,Regular
4/21/2011,17,142,67,South,LA,Espresso,Caffe Mocha,Regular
4/27/2011,18,121,46,South,LA,Espresso,Decaf Espresso,Decaf
4/18/2011,19,50,18,South,NM,Herbal Tea,Chamomile,Decaf
4/19/2011,20,65,4,South,NM,Herbal Tea,Lemon,Decaf
4/4/2011,21,133,40,South,NM,Coffee,Columbian,Regular
4/7/2011,22,142,16,South,NM,Coffee,Decaf Irish Cream,Decaf
4/2/2011,23,69,13,South,NM,Espresso,Caffe Latte,Regular
4/14/2011,0,114,9,South,NM,Espresso,Caffe Mocha,Regular
4/10/2011,1,94,18,South,NM,Espresso,Decaf Espresso,Decaf
4/9/2011,2,135,22,South,OK,Herbal Tea,Chamomile,Decaf
4/15/2011,3,242,24,South,OK,Herbal Tea,Lemon,Decaf
4/6/2011,4,113,49,South,OK,Coffee,Columbian,Regular
4/29/2011,5,80,37,South,OK,Coffee,Decaf Irish Cream,Decaf
4/29/2011,6,285,145,South,OK,Espresso,Caffe Latte,Regular
4/18/2011,7,56,24,South,OK,Espresso,Caffe Mocha,Regular
4/1/2011,8,237,110,South,OK,Espresso,Decaf Espresso,Decaf
4/28/2011,9,137,42,South,TX,Herbal Tea,Chamomile,Decaf
4/21/2011,10,114,40,South,TX,Herbal Tea,Lemon,Decaf
4/3/2011,6,486,239,South,TX,Coffee,Columbian,Regular
4/30/2011,7,190,93,South,TX,Coffee,Decaf Irish Cream,Decaf
4/10/2011,8,181,71,South,TX,Espresso,Caffe Latte,Regular
4/25/2011,9,238,142,South,TX,Espresso,Caffe Mocha,Regular
4/14/2011,10,211,125,South,TX,Espresso,Decaf Espresso,Decaf
4/18/2011,11,129,50,West,UT,Herbal Tea,Chamomile,Decaf
4/15/2011,12,133,42,West,UT,Herbal Tea,Lemon,Decaf
4/17/2011,13,142,16,West,UT,Herbal Tea,Mint,Decaf
4/6/2011,14,114,9,West,UT,Tea,Darjeeling,Regular
4/18/2011,15,94,16,West,UT,Tea,Earl Grey,Regular
4/5/2011,16,69,12,West,UT,Tea,Green Tea,Regular
4/14/2011,17,119,64,West,UT,Espresso,Caffe Latte,Regular
4/17/2011,18,127,55,West,UT,Espresso,Caffe Mocha,Regular
4/14/2011,19,123,64,West,UT,Espresso,Decaf Espresso,Decaf
4/26/2011,1,178,70,West,UT,Coffee,Amaretto,Regular
4/30/2011,2,127,37,West,UT,Coffee,Columbian,Regular
4/30/2011,3,190,50,West,UT,Coffee,Decaf Irish Cream,Decaf
4/23/2011,4,261,157,West,CA,Herbal Tea,Chamomile,Decaf
4/6/2011,5,486,240,West,CA,Herbal Tea,Lemon,Decaf
4/2/2011,6,190,92,West,CA,Herbal Tea,Mint,Decaf
4/6/2011,7,238,142,West,CA,Tea,Darjeeling,Regular
4/18/2011,8,211,123,West,CA,Tea,Earl Grey,Regular
4/19/2011,9,181,71,West,CA,Tea,Green Tea,Regular
4/11/2011,10,509,220,West,CA,Espresso,Caffe Latte,Regular
4/20/2011,11,318,39,West,CA,Espresso,Caffe Mocha,Regular
4/27/2011,12,626,326,West,CA,Espresso,Decaf Espresso,Decaf
4/8/2011,13,117,113,West,CA,Coffee,Amaretto,Regular
4/9/2011,14,759,410,West,CA,Coffee,Columbian,Regular
4/4/2011,15,169,209,West,CA,Coffee,Decaf Irish Cream,Decaf
4/16/2011,16,318,40,West,NV,Herbal Tea,Chamomile,Decaf
4/25/2011,17,486,232,West,NV,Herbal Tea,Lemon,Decaf
4/9/2011,18,321,171,West,NV,Herbal Tea,Mint,Decaf
4/24/2011,19,626,325,West,NV,Tea,Darjeeling,Regular
4/14/2011,20,509,221,West,NV,Tea,Earl Grey,Regular
4/17/2011,21,28,542,West,NV,Tea,Green Tea,Regular
4/30/2011,22,46,47,West,NV,Espresso,Caffe Latte,Regular
4/21/2011,23,50,16,West,NV,Espresso,Caffe Mocha,Regular
4/30/2011,0,46,15,West,NV,Espresso,Decaf Espresso,Decaf
4/3/2011,1,84,3,West,NV,Coffee,Columbian,Regular
4/27/2011,2,65,6,West,NV,Coffee,Decaf Irish Cream,Decaf
4/2/2011,3,93,46,West,OR,Herbal Tea,Chamomile,Decaf
4/4/2011,4,113,47,West,OR,Herbal Tea,Lemon,Decaf
4/19/2011,5,56,22,West,OR,Tea,Darjeeling,Regular
4/12/2011,6,237,108,West,OR,Tea,Earl Grey,Regular
4/10/2011,7,285,145,West,OR,Tea,Green Tea,Regular
4/24/2011,8,129,19,West,OR,Espresso,Caffe Latte,Regular
4/10/2011,9,137,42,West,OR,Espresso,Caffe Mocha,Regular
4/19/2011,10,346,138,West,OR,Espresso,Decaf Espresso,Decaf
4/14/2011,11,133,4,West,OR,Coffee,Amaretto,Regular
4/9/2011,12,127,12,West,OR,Coffee,Columbian,Regular
4/25/2011,13,114,42,West,OR,Coffee,Decaf Irish Cream,Decaf
4/18/2011,14,311,157,West,WA,Herbal Tea,Chamomile,Decaf
4/3/2011,15,92,45,West,WA,Herbal Tea,Lemon,Decaf
4/8/2011,16,142,67,West,WA,Tea,Darjeeling,Regular
4/6/2011,17,121,45,West,WA,Tea,Earl Grey,Regular
4/17/2011,18,160,0,West,WA,Tea,Green Tea,Regular
4/7/2011,19,110,47,West,WA,Espresso,Caffe Latte,Regular
4/15/2011,20,135,22,West,WA,Espresso,Caffe Mocha,Regular
4/22/2011,21,161,58,West,WA,Espresso,Decaf Espresso,Decaf
4/29/2011,22,180,80,West,WA,Coffee,Columbian,Regular
4/23/2011,23,242,25,West,WA,Coffee,Decaf Irish Cream,Decaf
5/3/2011,0,295,115,Central,CO,Herbal Tea,Chamomile,Decaf
5/30/2011,1,127,4,Central,CO,Herbal Tea,Lemon,Decaf
5/31/2011,2,122,36,Central,CO,Herbal Tea,Mint,Decaf
5/19/2011,3,117,17,Central,CO,Tea,Darjeeling,Regular
5/30/2011,4,121,37,Central,CO,Tea,Earl Grey,Regular
5/11/2011,5,98,41,Central,CO,Tea,Green Tea,Regular
5/28/2011,6,208,121,Central,CO,Espresso,Caffe Mocha,Regular
5/1/2011,7,159,61,Central,CO,Espresso,Decaf Espresso,Decaf
5/15/2011,8,254,153,Central,CO,Coffee,Amaretto,Regular
5/5/2011,9,188,94,Central,CO,Coffee,Columbian,Regular
5/10/2011,10,254,155,Central,CO,Coffee,Decaf Irish Cream,Decaf
5/6/2011,11,254,155,Central,IL,Herbal Tea,Chamomile,Decaf
5/19/2011,12,188,94,Central,IL,Herbal Tea,Lemon,Decaf
5/21/2011,13,254,155,Central,IL,Herbal Tea,Mint,Decaf
5/11/2011,14,208,121,Central,IL,Tea,Darjeeling,Regular
5/2/2011,6,159,61,Central,IL,Tea,Earl Grey,Regular
5/2/2011,7,607,317,Central,IL,Espresso,Caffe Mocha,Regular
5/2/2011,8,516,228,Central,IL,Espresso,Decaf Espresso,Decaf
5/3/2011,9,461,222,Central,IL,Coffee,Columbian,Regular
5/1/2011,10,309,168,Central,IL,Coffee,Decaf Irish Cream,Decaf
5/31/2011,11,607,319,Central,IA,Herbal Tea,Chamomile,Decaf
5/23/2011,12,309,168,Central,IA,Herbal Tea,Lemon,Decaf
5/24/2011,13,516,228,Central,IA,Tea,Darjeeling,Regular
5/2/2011,14,584,262,Central,IA,Tea,Earl Grey,Regular
5/4/2011,15,49,17,Central,IA,Espresso,Caffe Mocha,Regular
5/9/2011,16,43,43,Central,IA,Espresso,Decaf Espresso,Decaf
5/28/2011,17,49,17,Central,IA,Coffee,Amaretto,Regular
5/31/2011,18,67,10,Central,IA,Coffee,Columbian,Regular
5/31/2011,19,52,15,Central,IA,Coffee,Decaf Irish Cream,Decaf
5/11/2011,5,103,11,Central,MO,Herbal Tea,Chamomile,Decaf
5/10/2011,6,135,21,Central,MO,Herbal Tea,Lemon,Decaf
5/6/2011,7,91,19,Central,MO,Tea,Darjeeling,Regular
5/24/2011,8,75,6,Central,MO,Tea,Earl Grey,Regular
5/23/2011,9,80,3,Central,MO,Tea,Green Tea,Regular
5/6/2011,10,108,57,Central,MO,Espresso,Caffe Mocha,Regular
5/14/2011,11,96,50,Central,MO,Espresso,Decaf Espresso,Decaf
5/2/2011,12,171,46,Central,MO,Coffee,Columbian,Regular
5/21/2011,13,147,52,Central,MO,Coffee,Decaf Irish Cream,Decaf
5/25/2011,14,49,17,Central,OH,Herbal Tea,Chamomile,Decaf
5/27/2011,15,70,32,Central,OH,Herbal Tea,Lemon,Decaf
5/25/2011,16,233,109,Central,OH,Tea,Darjeeling,Regular
5/14/2011,17,271,139,Central,OH,Tea,Earl Grey,Regular
5/11/2011,18,295,116,Central,OH,Espresso,Caffe Mocha,Regular
5/2/2011,19,117,15,Central,OH,Espresso,Decaf Espresso,Decaf
5/26/2011,20,122,37,Central,OH,Coffee,Amaretto,Regular
5/4/2011,21,102,33,Central,OH,Coffee,Columbian,Regular
5/1/2011,22,127,3,Central,OH,Coffee,Decaf Irish Cream,Decaf
5/9/2011,23,129,62,Central,WI,Herbal Tea,Chamomile,Decaf
5/30/2011,0,129,70,Central,WI,Herbal Tea,Lemon,Decaf
5/21/2011,1,109,37,Central,WI,Tea,Darjeeling,Regular
5/12/2011,2,153,3,Central,WI,Tea,Earl Grey,Regular
5/27/2011,3,168,65,Central,WI,Espresso,Caffe Mocha,Regular
5/21/2011,4,109,48,Central,WI,Espresso,Decaf Espresso,Decaf
5/19/2011,5,129,23,Central,WI,Coffee,Amaretto,Regular
5/14/2011,6,219,23,Central,WI,Coffee,Columbian,Regular
5/30/2011,7,202,86,Central,WI,Coffee,Decaf Irish Cream,Decaf
5/26/2011,8,171,46,East,CT,Herbal Tea,Lemon,Decaf
5/1/2011,9,147,52,East,CT,Herbal Tea,Mint,Decaf
5/5/2011,10,108,58,East,CT,Tea,Darjeeling,Regular
5/15/2011,11,56,23,East,CT,Tea,Green Tea,Regular
5/18/2011,12,273,135,East,CT,Coffee,Columbian,Regular
5/10/2011,13,153,4,East,CT,Espresso,Caffe Mocha,Regular
5/14/2011,14,112,30,East,CT,Espresso,Decaf Espresso,Decaf
5/13/2011,15,109,48,East,FL,Herbal Tea,Chamomile,Decaf
5/5/2011,16,129,23,East,FL,Herbal Tea,Lemon,Decaf
5/30/2011,17,168,65,East,FL,Herbal Tea,Mint,Decaf
5/12/2011,18,88,44,East,FL,Tea,Darjeeling,Regular
5/26/2011,19,129,72,East,FL,Tea,Green Tea,Regular
5/2/2011,20,233,108,East,FL,Coffee,Columbian,Regular
5/14/2011,21,271,138,East,FL,Coffee,Decaf Irish Cream,Decaf
5/3/2011,22,219,23,East,FL,Espresso,Caffe Mocha,Regular
5/10/2011,23,202,86,East,FL,Espresso,Decaf Espresso,Decaf
5/30/2011,0,117,17,East,MA,Herbal Tea,Lemon,Decaf
5/27/2011,1,70,30,East,MA,Tea,Darjeeling,Regular
5/6/2011,2,49,17,East,MA,Tea,Green Tea,Regular
5/17/2011,3,546,599,East,MA,Coffee,Columbian,Regular
5/10/2011,4,113,22,East,MA,Espresso,Caffe Mocha,Regular
5/28/2011,5,295,116,East,MA,Espresso,Regular Espresso,Regular
5/3/2011,6,43,44,East,NH,Tea,Green Tea,Regular
5/25/2011,7,80,1,East,NH,Herbal Tea,Lemon,Decaf
5/6/2011,8,49,17,East,NH,Tea,Darjeeling,Regular
5/23/2011,9,124,48,East,NH,Coffee,Amaretto,Regular
5/8/2011,10,131,43,East,NH,Coffee,Columbian,Regular
5/7/2011,11,103,10,East,NH,Espresso,Caffe Mocha,Regular
5/7/2011,12,75,4,East,NH,Espresso,Regular Espresso,Regular
5/31/2011,13,208,123,East,NY,Tea,Green Tea,Regular
5/12/2011,14,645,348,East,NY,Herbal Tea,Lemon,Decaf
5/20/2011,15,196,181,East,NY,Herbal Tea,Mint,Decaf
5/2/2011,16,254,155,East,NY,Tea,Darjeeling,Regular
5/8/2011,17,254,153,East,NY,Tea,Earl Grey,Regular
5/28/2011,18,749,407,East,NY,Coffee,Columbian,Regular
5/15/2011,6,68,269,East,NY,Espresso,Caffe Mocha,Regular
5/1/2011,7,538,258,East,NY,Espresso,Regular Espresso,Regular
5/15/2011,8,110,48,South,LA,Herbal Tea,Chamomile,Decaf
5/26/2011,9,171,46,South,LA,Herbal Tea,Lemon,Decaf
5/28/2011,10,98,50,South,LA,Coffee,Columbian,Regular
5/10/2011,11,129,72,South,LA,Coffee,Decaf Irish Cream,Decaf
5/8/2011,12,153,4,South,LA,Espresso,Caffe Latte,Regular
5/26/2011,13,129,61,South,LA,Espresso,Caffe Mocha,Regular
5/14/2011,14,109,39,South,LA,Espresso,Decaf Espresso,Decaf
5/16/2011,15,49,17,South,NM,Herbal Tea,Chamomile,Decaf
5/6/2011,16,67,10,South,NM,Herbal Tea,Lemon,Decaf
5/5/2011,17,131,43,South,NM,Coffee,Columbian,Regular
5/29/2011,18,135,21,South,NM,Coffee,Decaf Irish Cream,Decaf
5/31/2011,19,75,6,South,NM,Espresso,Caffe Latte,Regular
5/13/2011,9,103,10,South,NM,Espresso,Caffe Mocha,Regular
5/26/2011,10,91,19,South,NM,Espresso,Decaf Espresso,Decaf
5/30/2011,11,129,23,South,OK,Herbal Tea,Chamomile,Decaf
5/28/2011,12,219,23,South,OK,Herbal Tea,Lemon,Decaf
5/27/2011,13,98,41,South,OK,Coffee,Columbian,Regular
5/22/2011,14,70,30,South,OK,Coffee,Decaf Irish Cream,Decaf
5/6/2011,15,271,139,South,OK,Espresso,Caffe Latte,Regular
5/8/2011,16,49,18,South,OK,Espresso,Caffe Mocha,Regular
5/14/2011,17,233,109,South,OK,Espresso,Decaf Espresso,Decaf
5/1/2011,18,122,37,South,TX,Herbal Tea,Chamomile,Decaf
5/9/2011,19,102,35,South,TX,Herbal Tea,Lemon,Decaf
5/31/2011,20,507,253,South,TX,Coffee,Columbian,Regular
5/10/2011,21,188,94,South,TX,Coffee,Decaf Irish Cream,Decaf
5/18/2011,22,159,61,South,TX,Espresso,Caffe Latte,Regular
5/19/2011,23,254,155,South,TX,Espresso,Caffe Mocha,Regular
5/28/2011,0,208,121,South,TX,Espresso,Decaf Espresso,Decaf
5/13/2011,1,124,47,West,UT,Herbal Tea,Chamomile,Decaf
5/22/2011,2,131,44,West,UT,Herbal Tea,Lemon,Decaf
5/7/2011,3,135,21,West,UT,Herbal Tea,Mint,Decaf
5/2/2011,4,103,11,West,UT,Tea,Darjeeling,Regular
5/20/2011,5,91,19,West,UT,Tea,Earl Grey,Regular
5/22/2011,6,75,4,West,UT,Tea,Green Tea,Regular
5/10/2011,7,96,50,West,UT,Espresso,Caffe Latte,Regular
5/18/2011,8,110,50,West,UT,Espresso,Caffe Mocha,Regular
5/10/2011,9,108,58,West,UT,Espresso,Decaf Espresso,Decaf
5/26/2011,10,147,52,West,UT,Coffee,Amaretto,Regular
5/12/2011,11,112,30,West,UT,Coffee,Columbian,Regular
5/22/2011,12,171,47,West,UT,Coffee,Decaf Irish Cream,Decaf
5/20/2011,13,254,153,West,CA,Herbal Tea,Chamomile,Decaf
5/30/2011,14,507,253,West,CA,Herbal Tea,Lemon,Decaf
5/7/2011,15,188,92,West,CA,Herbal Tea,Mint,Decaf
5/19/2011,16,254,153,West,CA,Tea,Darjeeling,Regular
5/3/2011,17,208,123,West,CA,Tea,Earl Grey,Regular
5/17/2011,18,159,59,West,CA,Tea,Green Tea,Regular
5/27/2011,19,516,228,West,CA,Espresso,Caffe Latte,Regular
5/2/2011,20,286,35,West,CA,Espresso,Caffe Mocha,Regular
5/11/2011,21,607,317,West,CA,Espresso,Decaf Espresso,Decaf
5/22/2011,22,105,116,West,CA,Coffee,Amaretto,Regular
5/27/2011,23,749,407,West,CA,Coffee,Columbian,Regular
5/16/2011,0,162,196,West,CA,Coffee,Decaf Irish Cream,Decaf
5/31/2011,1,286,35,West,NV,Herbal Tea,Chamomile,Decaf
5/14/2011,2,461,221,West,NV,Herbal Tea,Lemon,Decaf
5/9/2011,3,309,167,West,NV,Herbal Tea,Mint,Decaf
5/15/2011,4,607,319,West,NV,Tea,Darjeeling,Regular
5/5/2011,5,516,226,West,NV,Tea,Earl Grey,Regular
5/5/2011,6,18,524,West,NV,Tea,Green Tea,Regular
5/9/2011,7,43,43,West,NV,Espresso,Caffe Latte,Regular
5/24/2011,8,49,18,West,NV,Espresso,Caffe Mocha,Regular
5/19/2011,9,49,18,West,NV,Espresso,Decaf Espresso,Decaf
5/30/2011,10,80,1,West,NV,Coffee,Columbian,Regular
5/24/2011,11,67,8,West,NV,Coffee,Decaf Irish Cream,Decaf
5/18/2011,12,74,36,West,OR,Herbal Tea,Chamomile,Decaf
5/14/2011,13,98,41,West,OR,Herbal Tea,Lemon,Decaf
5/9/2011,14,49,17,West,OR,Tea,Darjeeling,Regular
5/24/2011,15,233,109,West,OR,Tea,Earl Grey,Regular
5/3/2011,16,271,139,West,OR,Tea,Green Tea,Regular
5/4/2011,17,117,15,West,OR,Espresso,Caffe Latte,Regular
5/23/2011,18,122,37,West,OR,Espresso,Caffe Mocha,Regular
5/11/2011,19,295,115,West,OR,Espresso,Decaf Espresso,Decaf
5/18/2011,20,127,3,West,OR,Coffee,Amaretto,Regular
5/10/2011,21,115,11,West,OR,Coffee,Columbian,Regular
5/23/2011,22,102,35,West,OR,Coffee,Decaf Irish Cream,Decaf
5/12/2011,6,273,135,West,WA,Herbal Tea,Chamomile,Decaf
5/23/2011,7,98,50,West,WA,Herbal Tea,Lemon,Decaf
5/31/2011,8,129,61,West,WA,Tea,Darjeeling,Regular
5/3/2011,9,109,37,West,WA,Tea,Earl Grey,Regular
5/15/2011,10,153,3,West,WA,Tea,Green Tea,Regular
5/3/2011,11,109,47,West,WA,Espresso,Caffe Latte,Regular
5/23/2011,12,129,22,West,WA,Espresso,Caffe Mocha,Regular
5/29/2011,13,168,65,West,WA,Espresso,Decaf Espresso,Decaf
5/3/2011,14,173,80,West,WA,Coffee,Columbian,Regular
5/17/2011,15,219,22,West,WA,Coffee,Decaf Irish Cream,Decaf
6/17/2011,16,295,115,Central,CO,Herbal Tea,Chamomile,Decaf
6/21/2011,17,106,10,Central,CO,Herbal Tea,Lemon,Decaf
6/9/2011,18,117,33,Central,CO,Herbal Tea,Mint,Decaf
6/19/2011,19,114,15,Central,CO,Tea,Darjeeling,Regular
6/6/2011,13,116,37,Central,CO,Tea,Earl Grey,Regular
6/20/2011,14,98,40,Central,CO,Tea,Green Tea,Regular
6/21/2011,15,228,137,Central,CO,Espresso,Caffe Mocha,Regular
6/14/2011,16,134,46,Central,CO,Espresso,Decaf Espresso,Decaf
6/5/2011,17,274,167,Central,CO,Coffee,Amaretto,Regular
6/13/2011,18,188,94,Central,CO,Coffee,Columbian,Regular
6/18/2011,19,298,182,Central,CO,Coffee,Decaf Irish Cream,Decaf
6/10/2011,20,274,167,Central,IL,Herbal Tea,Chamomile,Decaf
6/25/2011,21,188,92,Central,IL,Herbal Tea,Lemon,Decaf
6/4/2011,22,298,184,Central,IL,Herbal Tea,Mint,Decaf
6/8/2011,23,228,137,Central,IL,Tea,Darjeeling,Regular
6/29/2011,0,134,46,Central,IL,Tea,Earl Grey,Regular
6/20/2011,1,628,333,Central,IL,Espresso,Caffe Mocha,Regular
6/23/2011,2,516,226,Central,IL,Espresso,Decaf Espresso,Decaf
6/25/2011,3,474,230,Central,IL,Coffee,Columbian,Regular
6/2/2011,4,342,186,Central,IL,Coffee,Decaf Irish Cream,Decaf
6/13/2011,5,628,333,Central,IA,Herbal Tea,Chamomile,Decaf
6/22/2011,6,342,188,Central,IA,Herbal Tea,Lemon,Decaf
6/5/2011,7,516,226,Central,IA,Tea,Darjeeling,Regular
6/19/2011,8,598,272,Central,IA,Tea,Earl Grey,Regular
6/8/2011,9,53,21,Central,IA,Espresso,Caffe Mocha,Regular
6/26/2011,10,43,43,Central,IA,Espresso,Decaf Espresso,Decaf
6/26/2011,11,57,25,Central,IA,Coffee,Amaretto,Regular
6/14/2011,12,69,11,Central,IA,Coffee,Columbian,Regular
6/12/2011,13,52,15,Central,IA,Coffee,Decaf Irish Cream,Decaf
6/29/2011,14,124,6,Central,MO,Herbal Tea,Chamomile,Decaf
6/1/2011,15,140,46,Central,MO,Herbal Tea,Lemon,Decaf
6/12/2011,16,95,19,Central,MO,Tea,Darjeeling,Regular
6/15/2011,17,77,4,Central,MO,Tea,Earl Grey,Regular
6/19/2011,18,81,0,Central,MO,Tea,Green Tea,Regular
6/3/2011,19,91,46,Central,MO,Espresso,Caffe Mocha,Regular
6/5/2011,20,88,43,Central,MO,Espresso,Decaf Espresso,Decaf
6/20/2011,21,167,43,Central,MO,Coffee,Columbian,Regular
6/7/2011,22,141,48,Central,MO,Coffee,Decaf Irish Cream,Decaf
6/4/2011,23,44,12,Central,OH,Herbal Tea,Chamomile,Decaf
6/2/2011,0,59,25,Central,OH,Herbal Tea,Lemon,Decaf
6/5/2011,1,276,137,Central,OH,Tea,Darjeeling,Regular
6/16/2011,2,279,145,Central,OH,Tea,Earl Grey,Regular
6/27/2011,3,295,115,Central,OH,Espresso,Caffe Mocha,Regular
6/23/2011,4,114,17,Central,OH,Espresso,Decaf Espresso,Decaf
6/5/2011,5,117,33,Central,OH,Coffee,Amaretto,Regular
6/2/2011,6,92,26,Central,OH,Coffee,Columbian,Regular
6/21/2011,7,106,8,Central,OH,Coffee,Decaf Irish Cream,Decaf
6/15/2011,8,124,55,Central,WI,Herbal Tea,Chamomile,Decaf
6/15/2011,9,143,80,Central,WI,Herbal Tea,Lemon,Decaf
6/10/2011,10,98,33,Central,WI,Tea,Darjeeling,Regular
6/10/2011,11,127,3,Central,WI,Tea,Earl Grey,Regular
6/28/2011,12,175,69,Central,WI,Espresso,Caffe Mocha,Regular
6/14/2011,13,109,47,Central,WI,Espresso,Decaf Espresso,Decaf
6/23/2011,14,132,26,Central,WI,Coffee,Amaretto,Regular
6/6/2011,15,262,33,Central,WI,Coffee,Columbian,Regular
6/3/2011,16,210,87,Central,WI,Coffee,Decaf Irish Cream,Decaf
6/7/2011,17,51,21,East,CT,Tea,Green Tea,Regular
6/17/2011,18,167,44,East,CT,Herbal Tea,Lemon,Decaf
6/20/2011,19,141,50,East,CT,Herbal Tea,Mint,Decaf
6/29/2011,20,91,46,East,CT,Tea,Darjeeling,Regular
6/2/2011,21,230,109,East,CT,Coffee,Columbian,Regular
6/5/2011,22,127,3,East,CT,Espresso,Caffe Mocha,Regular
6/14/2011,23,107,26,East,CT,Espresso,Decaf Espresso,Decaf
6/10/2011,0,143,80,East,FL,Tea,Green Tea,Regular
6/3/2011,1,109,48,East,FL,Herbal Tea,Chamomile,Decaf
6/25/2011,2,132,26,East,FL,Herbal Tea,Lemon,Decaf
6/12/2011,6,175,68,East,FL,Herbal Tea,Mint,Decaf
6/20/2011,7,104,52,East,FL,Tea,Darjeeling,Regular
6/18/2011,8,276,137,East,FL,Coffee,Columbian,Regular
6/1/2011,9,279,145,East,FL,Coffee,Decaf Irish Cream,Decaf
6/20/2011,10,262,35,East,FL,Espresso,Caffe Mocha,Regular
6/10/2011,11,210,87,East,FL,Espresso,Decaf Espresso,Decaf
6/8/2011,12,44,14,East,MA,Tea,Green Tea,Regular
6/14/2011,13,114,17,East,MA,Herbal Tea,Lemon,Decaf
6/19/2011,14,59,26,East,MA,Tea,Darjeeling,Regular
6/25/2011,15,643,755,East,MA,Coffee,Columbian,Regular
6/17/2011,16,110,4,East,MA,Espresso,Caffe Mocha,Regular
6/1/2011,17,295,115,East,MA,Espresso,Regular Espresso,Regular
6/24/2011,18,43,44,East,NH,Tea,Green Tea,Regular
6/9/2011,19,81,0,East,NH,Herbal Tea,Lemon,Decaf
6/25/2011,17,57,23,East,NH,Tea,Darjeeling,Regular
6/21/2011,18,137,57,East,NH,Coffee,Amaretto,Regular
6/19/2011,19,155,58,East,NH,Coffee,Columbian,Regular
6/12/2011,20,124,6,East,NH,Espresso,Caffe Mocha,Regular
6/2/2011,21,77,4,East,NH,Espresso,Regular Espresso,Regular
6/30/2011,22,228,137,East,NY,Tea,Green Tea,Regular
6/20/2011,23,663,363,East,NY,Herbal Tea,Lemon,Decaf
6/7/2011,0,196,197,East,NY,Herbal Tea,Mint,Decaf
6/3/2011,1,298,184,East,NY,Tea,Darjeeling,Regular
6/8/2011,2,274,167,East,NY,Tea,Earl Grey,Regular
6/28/2011,3,882,493,East,NY,Coffee,Columbian,Regular
6/7/2011,4,71,326,East,NY,Espresso,Caffe Mocha,Regular
6/15/2011,5,669,439,East,NY,Espresso,Regular Espresso,Regular
6/28/2011,6,110,50,South,LA,Herbal Tea,Chamomile,Decaf
6/6/2011,7,167,44,South,LA,Herbal Tea,Lemon,Decaf
6/14/2011,8,106,55,South,LA,Coffee,Columbian,Regular
6/19/2011,9,143,80,South,LA,Coffee,Decaf Irish Cream,Decaf
6/18/2011,10,127,4,South,LA,Espresso,Caffe Latte,Regular
6/20/2011,11,124,57,South,LA,Espresso,Caffe Mocha,Regular
6/9/2011,12,98,32,South,LA,Espresso,Decaf Espresso,Decaf
6/13/2011,13,57,25,South,NM,Herbal Tea,Chamomile,Decaf
6/24/2011,14,69,11,South,NM,Herbal Tea,Lemon,Decaf
6/28/2011,15,155,59,South,NM,Coffee,Columbian,Regular
6/15/2011,16,140,47,South,NM,Coffee,Decaf Irish Cream,Decaf
6/10/2011,17,77,4,South,NM,Espresso,Caffe Latte,Regular
6/14/2011,18,124,4,South,NM,Espresso,Caffe Mocha,Regular
6/10/2011,19,95,19,South,NM,Espresso,Decaf Espresso,Decaf
6/9/2011,20,132,26,South,OK,Herbal Tea,Chamomile,Decaf
6/5/2011,21,262,35,South,OK,Herbal Tea,Lemon,Decaf
6/5/2011,22,98,40,South,OK,Coffee,Columbian,Regular
6/15/2011,23,59,26,South,OK,Coffee,Decaf Irish Cream,Decaf
6/3/2011,0,279,145,South,OK,Espresso,Caffe Latte,Regular
6/28/2011,1,44,14,South,OK,Espresso,Caffe Mocha,Regular
6/5/2011,2,276,137,South,OK,Espresso,Decaf Espresso,Decaf
6/5/2011,3,117,33,South,TX,Herbal Tea,Chamomile,Decaf
6/22/2011,4,92,28,South,TX,Herbal Tea,Lemon,Decaf
6/21/2011,5,527,265,South,TX,Coffee,Columbian,Regular
6/11/2011,6,188,94,South,TX,Coffee,Decaf Irish Cream,Decaf
6/3/2011,7,134,46,South,TX,Espresso,Caffe Latte,Regular
6/1/2011,8,274,166,South,TX,Espresso,Caffe Mocha,Regular
6/12/2011,9,228,137,South,TX,Espresso,Decaf Espresso,Decaf
6/24/2011,10,137,58,West,UT,Herbal Tea,Chamomile,Decaf
6/14/2011,11,155,58,West,UT,Herbal Tea,Lemon,Decaf
6/3/2011,12,140,46,West,UT,Herbal Tea,Mint,Decaf
6/25/2011,13,124,4,West,UT,Tea,Darjeeling,Regular
6/20/2011,14,95,19,West,UT,Tea,Earl Grey,Regular
6/14/2011,15,77,4,West,UT,Tea,Green Tea,Regular
6/17/2011,16,88,43,West,UT,Espresso,Caffe Latte,Regular
6/16/2011,17,110,48,West,UT,Espresso,Caffe Mocha,Regular
6/19/2011,18,91,47,West,UT,Espresso,Decaf Espresso,Decaf
6/20/2011,19,141,50,West,UT,Coffee,Amaretto,Regular
6/6/2011,20,107,26,West,UT,Coffee,Columbian,Regular
6/25/2011,21,167,44,West,UT,Coffee,Decaf Irish Cream,Decaf
6/6/2011,22,298,184,West,CA,Herbal Tea,Chamomile,Decaf
6/13/2011,23,527,265,West,CA,Herbal Tea,Lemon,Decaf
6/8/2011,0,188,92,West,CA,Herbal Tea,Mint,Decaf
6/9/2011,1,274,166,West,CA,Tea,Darjeeling,Regular
6/1/2011,2,228,135,West,CA,Tea,Earl Grey,Regular
6/28/2011,3,134,44,West,CA,Tea,Green Tea,Regular
6/16/2011,4,516,228,West,CA,Espresso,Caffe Latte,Regular
6/14/2011,5,342,50,West,CA,Espresso,Caffe Mocha,Regular
6/16/2011,6,628,331,West,CA,Espresso,Decaf Espresso,Decaf
6/11/2011,6,95,156,West,CA,Coffee,Amaretto,Regular
6/10/2011,7,882,493,West,CA,Coffee,Columbian,Regular
6/30/2011,8,167,196,West,CA,Coffee,Decaf Irish Cream,Decaf
6/15/2011,9,342,51,West,NV,Herbal Tea,Chamomile,Decaf
6/23/2011,10,474,229,West,NV,Herbal Tea,Lemon,Decaf
6/21/2011,11,342,188,West,NV,Herbal Tea,Mint,Decaf
6/24/2011,12,628,333,West,NV,Tea,Darjeeling,Regular
6/9/2011,13,516,228,West,NV,Tea,Earl Grey,Regular
6/9/2011,14,37,509,West,NV,Tea,Green Tea,Regular
6/22/2011,15,43,43,West,NV,Espresso,Caffe Latte,Regular
6/6/2011,16,57,25,West,NV,Espresso,Caffe Mocha,Regular
6/26/2011,17,53,21,West,NV,Espresso,Decaf Espresso,Decaf
6/6/2011,18,81,0,West,NV,Coffee,Columbian,Regular
6/29/2011,19,69,11,West,NV,Coffee,Decaf Irish Cream,Decaf
6/22/2011,21,68,30,West,OR,Herbal Tea,Chamomile,Decaf
6/5/2011,22,98,41,West,OR,Herbal Tea,Lemon,Decaf
6/26/2011,23,44,12,West,OR,Tea,Darjeeling,Regular
6/28/2011,0,276,138,West,OR,Tea,Earl Grey,Regular
6/17/2011,1,279,145,West,OR,Tea,Green Tea,Regular
6/12/2011,2,114,15,West,OR,Espresso,Caffe Latte,Regular
6/14/2011,3,117,33,West,OR,Espresso,Caffe Mocha,Regular
6/22/2011,4,295,115,West,OR,Espresso,Decaf Espresso,Decaf
6/8/2011,5,106,8,West,OR,Coffee,Amaretto,Regular
6/1/2011,6,111,6,West,OR,Coffee,Columbian,Regular
6/29/2011,7,92,28,West,OR,Coffee,Decaf Irish Cream,Decaf
6/30/2011,8,230,109,West,WA,Herbal Tea,Chamomile,Decaf
6/24/2011,9,106,55,West,WA,Herbal Tea,Lemon,Decaf
6/30/2011,10,124,57,West,WA,Tea,Darjeeling,Regular
6/15/2011,11,98,33,West,WA,Tea,Earl Grey,Regular
6/4/2011,12,127,4,West,WA,Tea,Green Tea,Regular
6/14/2011,13,109,47,West,WA,Espresso,Caffe Latte,Regular
6/23/2011,14,132,25,West,WA,Espresso,Caffe Mocha,Regular
6/21/2011,15,175,68,West,WA,Espresso,Decaf Espresso,Decaf
6/27/2011,16,191,91,West,WA,Coffee,Columbian,Regular
6/23/2011,17,262,33,West,WA,Coffee,Decaf Irish Cream,Decaf
7/20/2011,18,288,112,Central,CO,Herbal Tea,Chamomile,Decaf
7/9/2011,19,94,14,Central,CO,Herbal Tea,Lemon,Decaf
7/11/2011,20,109,29,Central,CO,Herbal Tea,Mint,Decaf
7/26/2011,21,114,17,Central,CO,Tea,Darjeeling,Regular
7/12/2011,22,108,32,Central,CO,Tea,Earl Grey,Regular
7/3/2011,23,93,37,Central,CO,Tea,Green Tea,Regular
7/27/2011,0,254,153,Central,CO,Coffee,Amaretto,Regular
7/14/2011,1,197,98,Central,CO,Coffee,Columbian,Regular
7/6/2011,2,309,192,Central,CO,Coffee,Decaf Irish Cream,Decaf
7/1/2011,3,228,135,Central,CO,Espresso,Caffe Mocha,Regular
7/21/2011,4,130,43,Central,CO,Espresso,Decaf Espresso,Decaf
7/12/2011,5,254,153,Central,IL,Herbal Tea,Chamomile,Decaf
7/12/2011,6,197,99,Central,IL,Herbal Tea,Lemon,Decaf
7/14/2011,7,309,192,Central,IL,Herbal Tea,Mint,Decaf
7/16/2011,8,228,137,Central,IL,Tea,Darjeeling,Regular
7/10/2011,9,130,43,Central,IL,Tea,Earl Grey,Regular
7/15/2011,10,562,287,Central,IL,Coffee,Columbian,Regular
7/1/2011,11,373,207,Central,IL,Coffee,Decaf Irish Cream,Decaf
7/6/2011,12,672,357,Central,IL,Espresso,Caffe Mocha,Regular
7/10/2011,13,527,232,Central,IL,Espresso,Decaf Espresso,Decaf
7/24/2011,14,672,356,Central,IA,Herbal Tea,Chamomile,Decaf
7/19/2011,15,373,207,Central,IA,Herbal Tea,Lemon,Decaf
7/22/2011,16,527,230,Central,IA,Tea,Darjeeling,Regular
7/25/2011,17,597,272,Central,IA,Tea,Earl Grey,Regular
7/27/2011,18,60,23,Central,IA,Coffee,Amaretto,Regular
7/4/2011,19,74,12,Central,IA,Coffee,Columbian,Regular
7/21/2011,20,54,17,Central,IA,Coffee,Decaf Irish Cream,Decaf
7/24/2011,21,49,18,Central,IA,Espresso,Caffe Mocha,Regular
7/22/2011,22,43,43,Central,IA,Espresso,Decaf Espresso,Decaf
7/19/2011,23,140,1,Central,MO,Herbal Tea,Chamomile,Decaf
7/2/2011,0,167,17,Central,MO,Herbal Tea,Lemon,Decaf
7/7/2011,1,102,23,Central,MO,Tea,Darjeeling,Regular
7/11/2011,2,88,1,Central,MO,Tea,Earl Grey,Regular
7/20/2011,3,81,0,Central,MO,Tea,Green Tea,Regular
7/7/2011,4,167,43,Central,MO,Coffee,Columbian,Regular
7/3/2011,5,131,44,Central,MO,Coffee,Decaf Irish Cream,Decaf
7/31/2011,6,86,44,Central,MO,Espresso,Caffe Mocha,Regular
7/7/2011,7,95,48,Central,MO,Espresso,Decaf Espresso,Decaf
7/31/2011,8,44,12,Central,OH,Herbal Tea,Chamomile,Decaf
7/19/2011,9,56,22,Central,OH,Herbal Tea,Lemon,Decaf
7/8/2011,10,283,144,Central,OH,Tea,Darjeeling,Regular
7/17/2011,6,333,177,Central,OH,Tea,Earl Grey,Regular
7/23/2011,7,114,15,Central,OH,Espresso,Decaf Espresso,Decaf
7/9/2011,8,109,28,Central,OH,Coffee,Amaretto,Regular
7/4/2011,9,84,25,Central,OH,Coffee,Columbian,Regular
7/18/2011,10,94,12,Central,OH,Coffee,Decaf Irish Cream,Decaf
7/7/2011,11,288,112,Central,OH,Espresso,Caffe Mocha,Regular
7/10/2011,12,103,40,Central,WI,Herbal Tea,Chamomile,Decaf
7/31/2011,13,143,80,Central,WI,Herbal Tea,Lemon,Decaf
7/10/2011,14,89,29,Central,WI,Tea,Darjeeling,Regular
7/30/2011,15,112,8,Central,WI,Tea,Earl Grey,Regular
7/13/2011,16,114,50,Central,WI,Espresso,Decaf Espresso,Decaf
7/1/2011,17,132,25,Central,WI,Coffee,Amaretto,Regular
7/10/2011,18,294,44,Central,WI,Coffee,Columbian,Regular
7/5/2011,19,225,98,Central,WI,Coffee,Decaf Irish Cream,Decaf
7/31/2011,1,187,77,Central,WI,Espresso,Caffe Mocha,Regular
7/14/2011,2,167,44,East,CT,Herbal Tea,Lemon,Decaf
7/17/2011,3,131,46,East,CT,Herbal Tea,Mint,Decaf
7/9/2011,4,86,44,East,CT,Tea,Darjeeling,Regular
7/28/2011,5,51,21,East,CT,Tea,Green Tea,Regular
7/4/2011,6,112,7,East,CT,Espresso,Caffe Mocha,Regular
7/26/2011,7,99,22,East,CT,Espresso,Decaf Espresso,Decaf
7/14/2011,8,223,104,East,CT,Coffee,Columbian,Regular
7/29/2011,9,114,50,East,FL,Herbal Tea,Chamomile,Decaf
7/17/2011,10,132,26,East,FL,Herbal Tea,Lemon,Decaf
7/27/2011,11,187,76,East,FL,Herbal Tea,Mint,Decaf
7/11/2011,12,109,57,East,FL,Tea,Darjeeling,Regular
7/13/2011,13,143,80,East,FL,Tea,Green Tea,Regular
7/19/2011,14,294,44,East,FL,Espresso,Caffe Mocha,Regular
7/29/2011,15,225,98,East,FL,Espresso,Decaf Espresso,Decaf
7/5/2011,16,283,144,East,FL,Coffee,Columbian,Regular
7/2/2011,17,333,178,East,FL,Coffee,Decaf Irish Cream,Decaf
7/13/2011,18,114,15,East,MA,Herbal Tea,Lemon,Decaf
7/19/2011,19,56,22,East,MA,Tea,Darjeeling,Regular
7/29/2011,20,44,12,East,MA,Tea,Green Tea,Regular
7/10/2011,21,110,10,East,MA,Espresso,Caffe Mocha,Regular
7/17/2011,22,288,112,East,MA,Espresso,Regular Espresso,Regular
7/25/2011,23,659,778,East,MA,Coffee,Columbian,Regular
7/11/2011,0,81,0,East,NH,Herbal Tea,Lemon,Decaf
7/3/2011,1,60,23,East,NH,Tea,Darjeeling,Regular
7/14/2011,2,43,43,East,NH,Tea,Green Tea,Regular
7/1/2011,3,140,1,East,NH,Espresso,Caffe Mocha,Regular
7/21/2011,4,88,0,East,NH,Espresso,Regular Espresso,Regular
7/4/2011,5,150,68,East,NH,Coffee,Amaretto,Regular
7/7/2011,6,159,59,East,NH,Coffee,Columbian,Regular
7/17/2011,7,786,536,East,NY,Herbal Tea,Lemon,Decaf
7/20/2011,8,196,226,East,NY,Herbal Tea,Mint,Decaf
7/12/2011,9,309,190,East,NY,Tea,Darjeeling,Regular
7/19/2011,10,254,153,East,NY,Tea,Earl Grey,Regular
7/27/2011,11,228,135,East,NY,Tea,Green Tea,Regular
7/22/2011,12,76,367,East,NY,Espresso,Caffe Mocha,Regular
7/13/2011,13,541,251,East,NY,Espresso,Regular Espresso,Regular
7/18/2011,14,904,511,East,NY,Coffee,Columbian,Regular
7/8/2011,15,105,44,South,LA,Herbal Tea,Chamomile,Decaf
7/23/2011,16,167,43,South,LA,Herbal Tea,Lemon,Decaf
7/11/2011,17,98,50,South,LA,Coffee,Columbian,Regular
7/3/2011,18,143,80,South,LA,Coffee,Decaf Irish Cream,Decaf
7/10/2011,19,112,8,South,LA,Espresso,Caffe Latte,Regular
7/10/2011,20,103,41,South,LA,Espresso,Caffe Mocha,Regular
7/1/2011,21,89,29,South,LA,Espresso,Decaf Espresso,Decaf
7/6/2011,22,60,23,South,NM,Herbal Tea,Chamomile,Decaf
7/27/2011,23,74,14,South,NM,Herbal Tea,Lemon,Decaf
7/21/2011,0,159,61,South,NM,Coffee,Columbian,Regular
7/27/2011,1,167,15,South,NM,Coffee,Decaf Irish Cream,Decaf
7/9/2011,2,88,1,South,NM,Espresso,Caffe Latte,Regular
7/28/2011,3,140,1,South,NM,Espresso,Caffe Mocha,Regular
7/7/2011,4,102,25,South,NM,Espresso,Decaf Espresso,Decaf
7/30/2011,5,132,26,South,OK,Herbal Tea,Chamomile,Decaf
7/13/2011,6,294,44,South,OK,Herbal Tea,Lemon,Decaf
7/8/2011,7,93,39,South,OK,Coffee,Columbian,Regular
7/26/2011,8,56,22,South,OK,Coffee,Decaf Irish Cream,Decaf
7/12/2011,9,333,177,South,OK,Espresso,Caffe Latte,Regular
7/16/2011,10,44,12,South,OK,Espresso,Caffe Mocha,Regular
7/24/2011,11,283,142,South,OK,Espresso,Decaf Espresso,Decaf
7/26/2011,12,109,28,South,TX,Herbal Tea,Chamomile,Decaf
7/13/2011,13,84,26,South,TX,Herbal Tea,Lemon,Decaf
7/3/2011,14,562,284,South,TX,Coffee,Columbian,Regular
7/9/2011,6,197,98,South,TX,Coffee,Decaf Irish Cream,Decaf
7/25/2011,7,130,41,South,TX,Espresso,Caffe Latte,Regular
7/30/2011,8,254,155,South,TX,Espresso,Caffe Mocha,Regular
7/18/2011,9,228,135,South,TX,Espresso,Decaf Espresso,Decaf
7/30/2011,10,102,23,West,UT,Tea,Earl Grey,Regular
7/19/2011,11,88,1,West,UT,Tea,Green Tea,Regular
7/31/2011,12,150,66,West,UT,Herbal Tea,Chamomile,Decaf
7/24/2011,13,159,61,West,UT,Herbal Tea,Lemon,Decaf
7/6/2011,14,167,17,West,UT,Herbal Tea,Mint,Decaf
7/17/2011,15,140,0,West,UT,Tea,Darjeeling,Regular
7/20/2011,16,131,44,West,UT,Coffee,Amaretto,Regular
7/27/2011,17,99,22,West,UT,Coffee,Columbian,Regular
7/19/2011,18,167,43,West,UT,Coffee,Decaf Irish Cream,Decaf
7/31/2011,19,95,50,West,UT,Espresso,Caffe Latte,Regular
7/5/2011,5,105,44,West,UT,Espresso,Caffe Mocha,Regular
7/10/2011,6,86,43,West,UT,Espresso,Decaf Espresso,Decaf
7/15/2011,7,228,135,West,CA,Tea,Earl Grey,Regular
7/5/2011,8,130,41,West,CA,Tea,Green Tea,Regular
7/8/2011,9,309,192,West,CA,Herbal Tea,Chamomile,Decaf
7/6/2011,10,562,283,West,CA,Herbal Tea,Lemon,Decaf
7/21/2011,11,197,99,West,CA,Herbal Tea,Mint,Decaf
7/11/2011,12,254,155,West,CA,Tea,Darjeeling,Regular
7/25/2011,13,86,190,West,CA,Coffee,Amaretto,Regular
7/17/2011,14,904,511,West,CA,Coffee,Columbian,Regular
7/8/2011,15,200,217,West,CA,Coffee,Decaf Irish Cream,Decaf
7/22/2011,16,527,230,West,CA,Espresso,Caffe Latte,Regular
7/2/2011,17,384,62,West,CA,Espresso,Caffe Mocha,Regular
7/18/2011,18,672,357,West,CA,Espresso,Decaf Espresso,Decaf
7/31/2011,19,672,356,West,NV,Tea,Darjeeling,Regular
7/12/2011,20,527,232,West,NV,Tea,Earl Grey,Regular
7/18/2011,21,27,522,West,NV,Tea,Green Tea,Regular
7/29/2011,22,384,62,West,NV,Herbal Tea,Chamomile,Decaf
7/9/2011,23,562,287,West,NV,Herbal Tea,Lemon,Decaf
7/26/2011,0,373,207,West,NV,Herbal Tea,Mint,Decaf
7/6/2011,1,81,1,West,NV,Coffee,Columbian,Regular
7/28/2011,2,74,12,West,NV,Coffee,Decaf Irish Cream,Decaf
7/9/2011,3,43,44,West,NV,Espresso,Caffe Latte,Regular
7/27/2011,4,60,23,West,NV,Espresso,Caffe Mocha,Regular
7/26/2011,5,49,17,West,NV,Espresso,Decaf Espresso,Decaf
7/6/2011,6,44,12,West,OR,Tea,Darjeeling,Regular
7/31/2011,7,283,144,West,OR,Tea,Earl Grey,Regular
7/8/2011,8,333,178,West,OR,Tea,Green Tea,Regular
7/25/2011,9,73,33,West,OR,Herbal Tea,Chamomile,Decaf
7/26/2011,10,93,37,West,OR,Herbal Tea,Lemon,Decaf
7/16/2011,11,94,14,West,OR,Coffee,Amaretto,Regular
7/29/2011,12,93,0,West,OR,Coffee,Columbian,Regular
7/4/2011,13,84,25,West,OR,Coffee,Decaf Irish Cream,Decaf
7/5/2011,14,114,17,West,OR,Espresso,Caffe Latte,Regular
7/27/2011,15,109,28,West,OR,Espresso,Caffe Mocha,Regular
7/1/2011,16,288,112,West,OR,Espresso,Decaf Espresso,Decaf
7/23/2011,17,103,40,West,WA,Tea,Darjeeling,Regular
7/26/2011,18,89,28,West,WA,Tea,Earl Grey,Regular
7/4/2011,19,112,7,West,WA,Tea,Green Tea,Regular
7/16/2011,20,223,104,West,WA,Herbal Tea,Chamomile,Decaf
7/11/2011,21,98,51,West,WA,Herbal Tea,Lemon,Decaf
7/24/2011,22,209,104,West,WA,Coffee,Columbian,Regular
7/9/2011,23,294,43,West,WA,Coffee,Decaf Irish Cream,Decaf
7/26/2011,0,114,50,West,WA,Espresso,Caffe Latte,Regular
7/6/2011,1,132,25,West,WA,Espresso,Caffe Mocha,Regular
7/27/2011,2,187,77,West,WA,Espresso,Decaf Espresso,Decaf
8/29/2011,3,288,113,Central,CO,Herbal Tea,Chamomile,Decaf
8/6/2011,4,88,14,Central,CO,Herbal Tea,Lemon,Decaf
8/2/2011,5,107,28,Central,CO,Herbal Tea,Mint,Decaf
8/18/2011,6,108,12,Central,CO,Tea,Darjeeling,Regular
8/1/2011,7,90,22,Central,CO,Tea,Earl Grey,Regular
8/26/2011,8,154,73,Central,CO,Tea,Green Tea,Regular
8/29/2011,9,298,184,Central,CO,Coffee,Amaretto,Regular
8/22/2011,10,119,54,Central,CO,Coffee,Columbian,Regular
8/8/2011,11,320,199,Central,CO,Coffee,Decaf Irish Cream,Decaf
8/19/2011,12,243,145,Central,CO,Espresso,Caffe Mocha,Regular
8/30/2011,13,130,41,Central,CO,Espresso,Decaf Espresso,Decaf
8/28/2011,14,298,182,Central,IL,Herbal Tea,Chamomile,Decaf
8/19/2011,15,119,54,Central,IL,Herbal Tea,Lemon,Decaf
8/25/2011,16,320,197,Central,IL,Herbal Tea,Mint,Decaf
8/26/2011,17,243,145,Central,IL,Tea,Darjeeling,Regular
8/18/2011,18,130,41,Central,IL,Tea,Earl Grey,Regular
8/1/2011,6,463,225,Central,IL,Coffee,Columbian,Regular
8/8/2011,7,373,207,Central,IL,Coffee,Decaf Irish Cream,Decaf
8/14/2011,8,681,362,Central,IL,Espresso,Caffe Mocha,Regular
8/14/2011,9,527,230,Central,IL,Espresso,Decaf Espresso,Decaf
8/28/2011,10,681,362,Central,IA,Herbal Tea,Chamomile,Decaf
8/3/2011,11,373,208,Central,IA,Herbal Tea,Lemon,Decaf
8/11/2011,12,527,230,Central,IA,Tea,Darjeeling,Regular
8/6/2011,13,626,286,Central,IA,Tea,Earl Grey,Regular
8/8/2011,14,62,26,Central,IA,Coffee,Amaretto,Regular
8/23/2011,15,89,21,Central,IA,Coffee,Columbian,Regular
8/9/2011,16,32,1,Central,IA,Coffee,Decaf Irish Cream,Decaf
8/8/2011,17,57,25,Central,IA,Espresso,Caffe Mocha,Regular
8/5/2011,18,43,43,Central,IA,Espresso,Decaf Espresso,Decaf
8/7/2011,19,150,3,Central,MO,Herbal Tea,Chamomile,Decaf
8/26/2011,9,138,57,Central,MO,Herbal Tea,Lemon,Decaf
8/12/2011,10,104,26,Central,MO,Tea,Darjeeling,Regular
8/21/2011,11,64,12,Central,MO,Tea,Earl Grey,Regular
8/30/2011,12,85,1,Central,MO,Tea,Green Tea,Regular
8/14/2011,13,159,37,Central,MO,Coffee,Columbian,Regular
8/19/2011,14,109,33,Central,MO,Coffee,Decaf Irish Cream,Decaf
8/31/2011,15,82,40,Central,MO,Espresso,Caffe Mocha,Regular
8/12/2011,16,79,39,Central,MO,Espresso,Decaf Espresso,Decaf
8/21/2011,17,41,12,Central,OH,Herbal Tea,Chamomile,Decaf
8/10/2011,18,55,22,Central,OH,Herbal Tea,Lemon,Decaf
8/28/2011,19,283,142,Central,OH,Tea,Darjeeling,Regular
8/10/2011,20,275,142,Central,OH,Tea,Earl Grey,Regular
8/10/2011,21,108,11,Central,OH,Espresso,Decaf Espresso,Decaf
8/29/2011,22,107,26,Central,OH,Coffee,Amaretto,Regular
8/16/2011,23,84,26,Central,OH,Coffee,Columbian,Regular
8/7/2011,0,88,15,Central,OH,Coffee,Decaf Irish Cream,Decaf
8/1/2011,1,288,112,Central,OH,Espresso,Caffe Mocha,Regular
8/6/2011,2,125,57,Central,WI,Herbal Tea,Chamomile,Decaf
8/10/2011,3,153,87,Central,WI,Herbal Tea,Lemon,Decaf
8/30/2011,4,89,28,Central,WI,Tea,Darjeeling,Regular
8/25/2011,5,104,10,Central,WI,Tea,Earl Grey,Regular
8/21/2011,6,68,25,Central,WI,Espresso,Decaf Espresso,Decaf
8/27/2011,7,139,29,Central,WI,Coffee,Amaretto,Regular
8/14/2011,8,314,48,Central,WI,Coffee,Columbian,Regular
8/22/2011,9,229,101,Central,WI,Coffee,Decaf Irish Cream,Decaf
8/15/2011,10,224,97,Central,WI,Espresso,Caffe Mocha,Regular
8/26/2011,11,159,39,East,CT,Herbal Tea,Lemon,Decaf
8/14/2011,12,109,33,East,CT,Herbal Tea,Mint,Decaf
8/27/2011,13,82,39,East,CT,Tea,Darjeeling,Regular
8/1/2011,14,47,17,East,CT,Tea,Green Tea,Regular
8/31/2011,15,104,11,East,CT,Espresso,Caffe Mocha,Regular
8/9/2011,16,97,22,East,CT,Espresso,Decaf Espresso,Decaf
8/2/2011,17,223,104,East,CT,Coffee,Columbian,Regular
8/5/2011,18,68,25,East,FL,Herbal Tea,Chamomile,Decaf
8/15/2011,19,139,28,East,FL,Herbal Tea,Lemon,Decaf
8/28/2011,20,224,97,East,FL,Herbal Tea,Mint,Decaf
8/9/2011,21,113,61,East,FL,Tea,Darjeeling,Regular
8/25/2011,22,153,87,East,FL,Tea,Green Tea,Regular
8/6/2011,23,314,48,East,FL,Espresso,Caffe Mocha,Regular
8/23/2011,0,229,101,East,FL,Espresso,Decaf Espresso,Decaf
8/8/2011,1,283,144,East,FL,Coffee,Columbian,Regular
8/3/2011,2,275,141,East,FL,Coffee,Decaf Irish Cream,Decaf
8/27/2011,3,108,12,East,MA,Herbal Tea,Lemon,Decaf
8/22/2011,4,55,22,East,MA,Tea,Darjeeling,Regular
8/30/2011,5,41,12,East,MA,Tea,Green Tea,Regular
8/31/2011,6,104,8,East,MA,Espresso,Caffe Mocha,Regular
8/17/2011,7,288,113,East,MA,Espresso,Regular Espresso,Regular
8/29/2011,8,658,777,East,MA,Coffee,Columbian,Regular
8/15/2011,9,85,1,East,NH,Herbal Tea,Lemon,Decaf
8/28/2011,10,62,28,East,NH,Tea,Darjeeling,Regular
8/1/2011,11,43,43,East,NH,Tea,Green Tea,Regular
8/4/2011,12,150,1,East,NH,Espresso,Caffe Mocha,Regular
8/23/2011,13,64,12,East,NH,Espresso,Regular Espresso,Regular
8/13/2011,14,150,66,East,NH,Coffee,Amaretto,Regular
8/13/2011,15,159,61,East,NH,Coffee,Columbian,Regular
8/19/2011,16,647,316,East,NY,Herbal Tea,Lemon,Decaf
8/1/2011,17,123,420,East,NY,Herbal Tea,Mint,Decaf
8/13/2011,18,320,199,East,NY,Tea,Darjeeling,Regular
8/2/2011,19,298,184,East,NY,Tea,Earl Grey,Regular
8/22/2011,20,243,145,East,NY,Tea,Green Tea,Regular
8/17/2011,21,77,392,East,NY,Espresso,Caffe Mocha,Regular
8/3/2011,22,538,247,East,NY,Espresso,Regular Espresso,Regular
8/13/2011,6,902,508,East,NY,Coffee,Columbian,Regular
8/14/2011,7,174,84,South,LA,Herbal Tea,Chamomile,Decaf
8/21/2011,8,159,39,South,LA,Herbal Tea,Lemon,Decaf
8/7/2011,9,117,63,South,LA,Coffee,Columbian,Regular
8/3/2011,10,153,87,South,LA,Coffee,Decaf Irish Cream,Decaf
8/15/2011,11,104,10,South,LA,Espresso,Caffe Latte,Regular
8/23/2011,12,125,57,South,LA,Espresso,Caffe Mocha,Regular
8/20/2011,13,89,29,South,LA,Espresso,Decaf Espresso,Decaf
8/28/2011,14,62,26,South,NM,Herbal Tea,Chamomile,Decaf
8/8/2011,15,89,21,South,NM,Herbal Tea,Lemon,Decaf
8/7/2011,16,159,61,South,NM,Coffee,Columbian,Regular
8/8/2011,17,138,58,South,NM,Coffee,Decaf Irish Cream,Decaf
8/26/2011,18,64,11,South,NM,Espresso,Caffe Latte,Regular
8/22/2011,19,150,3,South,NM,Espresso,Caffe Mocha,Regular
8/28/2011,13,104,25,South,NM,Espresso,Decaf Espresso,Decaf
8/23/2011,14,139,28,South,OK,Herbal Tea,Chamomile,Decaf
8/21/2011,15,314,47,South,OK,Herbal Tea,Lemon,Decaf
8/14/2011,16,154,73,South,OK,Coffee,Columbian,Regular
8/18/2011,17,55,22,South,OK,Coffee,Decaf Irish Cream,Decaf
8/31/2011,18,275,141,South,OK,Espresso,Caffe Latte,Regular
8/30/2011,19,41,14,South,OK,Espresso,Caffe Mocha,Regular
8/11/2011,20,283,142,South,OK,Espresso,Decaf Espresso,Decaf
8/5/2011,21,107,26,South,TX,Herbal Tea,Chamomile,Decaf
8/13/2011,22,84,26,South,TX,Herbal Tea,Lemon,Decaf
8/18/2011,23,672,345,South,TX,Coffee,Columbian,Regular
8/1/2011,0,119,54,South,TX,Coffee,Decaf Irish Cream,Decaf
8/27/2011,1,130,41,South,TX,Espresso,Caffe Latte,Regular
8/28/2011,2,298,184,South,TX,Espresso,Caffe Mocha,Regular
8/16/2011,3,243,145,South,TX,Espresso,Decaf Espresso,Decaf
8/7/2011,4,150,3,West,UT,Tea,Darjeeling,Regular
8/23/2011,5,104,26,West,UT,Tea,Earl Grey,Regular
8/22/2011,6,64,12,West,UT,Tea,Green Tea,Regular
8/15/2011,7,150,68,West,UT,Herbal Tea,Chamomile,Decaf
8/6/2011,8,159,61,West,UT,Herbal Tea,Lemon,Decaf
8/25/2011,9,138,57,West,UT,Herbal Tea,Mint,Decaf
8/28/2011,10,109,33,West,UT,Coffee,Amaretto,Regular
8/5/2011,11,97,21,West,UT,Coffee,Columbian,Regular
8/30/2011,12,159,37,West,UT,Coffee,Decaf Irish Cream,Decaf
8/1/2011,13,79,39,West,UT,Espresso,Caffe Latte,Regular
8/14/2011,14,174,86,West,UT,Espresso,Caffe Mocha,Regular
8/1/2011,15,82,39,West,UT,Espresso,Decaf Espresso,Decaf
8/8/2011,16,298,184,West,CA,Tea,Darjeeling,Regular
8/22/2011,17,243,145,West,CA,Tea,Earl Grey,Regular
8/22/2011,18,130,41,West,CA,Tea,Green Tea,Regular
8/9/2011,19,320,197,West,CA,Herbal Tea,Chamomile,Decaf
8/11/2011,20,672,344,West,CA,Herbal Tea,Lemon,Decaf
8/3/2011,21,119,52,West,CA,Herbal Tea,Mint,Decaf
8/2/2011,22,86,192,West,CA,Coffee,Amaretto,Regular
8/24/2011,23,902,508,West,CA,Coffee,Columbian,Regular
8/11/2011,0,165,189,West,CA,Coffee,Decaf Irish Cream,Decaf
8/17/2011,1,527,230,West,CA,Espresso,Caffe Latte,Regular
8/30/2011,2,408,69,West,CA,Espresso,Caffe Mocha,Regular
8/21/2011,3,681,362,West,CA,Espresso,Decaf Espresso,Decaf
8/15/2011,4,681,362,West,NV,Tea,Darjeeling,Regular
8/21/2011,5,527,230,West,NV,Tea,Earl Grey,Regular
8/21/2011,6,21,558,West,NV,Tea,Green Tea,Regular
8/8/2011,7,408,68,West,NV,Herbal Tea,Chamomile,Decaf
8/25/2011,8,463,225,West,NV,Herbal Tea,Lemon,Decaf
8/16/2011,9,373,207,West,NV,Herbal Tea,Mint,Decaf
8/14/2011,10,85,1,West,NV,Coffee,Columbian,Regular
8/22/2011,11,89,22,West,NV,Coffee,Decaf Irish Cream,Decaf
8/18/2011,12,43,44,West,NV,Espresso,Caffe Latte,Regular
8/8/2011,13,62,26,West,NV,Espresso,Caffe Mocha,Regular
8/3/2011,14,57,23,West,NV,Espresso,Decaf Espresso,Decaf
8/19/2011,15,41,12,West,OR,Tea,Darjeeling,Regular
8/21/2011,16,283,144,West,OR,Tea,Earl Grey,Regular
8/19/2011,17,275,141,West,OR,Tea,Green Tea,Regular
8/17/2011,18,61,26,West,OR,Herbal Tea,Chamomile,Decaf
8/15/2011,19,154,73,West,OR,Herbal Tea,Lemon,Decaf
8/11/2011,20,88,15,West,OR,Coffee,Amaretto,Regular
8/14/2011,21,113,11,West,OR,Coffee,Columbian,Regular
8/24/2011,22,84,26,West,OR,Coffee,Decaf Irish Cream,Decaf
8/31/2011,23,108,12,West,OR,Espresso,Caffe Latte,Regular
8/9/2011,0,107,26,West,OR,Espresso,Caffe Mocha,Regular
8/25/2011,1,288,112,West,OR,Espresso,Decaf Espresso,Decaf
8/5/2011,2,125,58,West,WA,Tea,Darjeeling,Regular
8/2/2011,6,89,28,West,WA,Tea,Earl Grey,Regular
8/15/2011,7,104,11,West,WA,Tea,Green Tea,Regular
8/18/2011,8,223,104,West,WA,Herbal Tea,Chamomile,Decaf
8/8/2011,9,117,62,West,WA,Herbal Tea,Lemon,Decaf
8/5/2011,10,209,105,West,WA,Coffee,Columbian,Regular
8/21/2011,11,314,47,West,WA,Coffee,Decaf Irish Cream,Decaf
8/11/2011,12,68,23,West,WA,Espresso,Caffe Latte,Regular
8/16/2011,13,139,28,West,WA,Espresso,Caffe Mocha,Regular
8/22/2011,14,224,98,West,WA,Espresso,Decaf Espresso,Decaf
9/18/2011,15,330,129,Central,CO,Herbal Tea,Chamomile,Decaf
9/16/2011,16,134,3,Central,CO,Herbal Tea,Lemon,Decaf
9/24/2011,17,133,40,Central,CO,Herbal Tea,Mint,Decaf
9/21/2011,18,109,10,Central,CO,Tea,Darjeeling,Regular
9/10/2011,19,120,37,Central,CO,Tea,Earl Grey,Regular
9/25/2011,17,149,70,Central,CO,Tea,Green Tea,Regular
9/20/2011,18,322,199,Central,CO,Coffee,Amaretto,Regular
9/18/2011,19,141,62,Central,CO,Coffee,Columbian,Regular
9/1/2011,20,261,157,Central,CO,Coffee,Decaf Irish Cream,Decaf
9/26/2011,21,212,125,Central,CO,Espresso,Caffe Mocha,Regular
9/4/2011,22,160,58,Central,CO,Espresso,Decaf Espresso,Decaf
9/26/2011,23,322,197,Central,IL,Herbal Tea,Chamomile,Decaf
9/11/2011,0,141,64,Central,IL,Herbal Tea,Lemon,Decaf
9/13/2011,1,261,157,Central,IL,Herbal Tea,Mint,Decaf
9/24/2011,2,212,125,Central,IL,Tea,Darjeeling,Regular
9/5/2011,3,160,59,Central,IL,Tea,Earl Grey,Regular
9/19/2011,4,412,191,Central,IL,Coffee,Columbian,Regular
9/28/2011,5,318,171,Central,IL,Coffee,Decaf Irish Cream,Decaf
9/20/2011,6,628,326,Central,IL,Espresso,Caffe Mocha,Regular
9/2/2011,7,531,230,Central,IL,Espresso,Decaf Espresso,Decaf
9/21/2011,8,628,326,Central,IA,Herbal Tea,Chamomile,Decaf
9/8/2011,9,318,171,Central,IA,Herbal Tea,Lemon,Decaf
9/21/2011,10,531,230,Central,IA,Tea,Darjeeling,Regular
9/11/2011,11,716,331,Central,IA,Tea,Earl Grey,Regular
9/17/2011,12,46,47,Central,IA,Espresso,Decaf Espresso,Decaf
9/7/2011,13,51,19,Central,IA,Coffee,Amaretto,Regular
9/28/2011,14,77,10,Central,IA,Coffee,Columbian,Regular
9/12/2011,15,37,4,Central,IA,Coffee,Decaf Irish Cream,Decaf
9/3/2011,16,62,27,Central,IA,Espresso,Caffe Mocha,Regular
9/1/2011,17,113,10,Central,MO,Herbal Tea,Chamomile,Decaf
9/19/2011,18,123,65,Central,MO,Herbal Tea,Lemon,Decaf
9/29/2011,19,97,19,Central,MO,Tea,Darjeeling,Regular
9/10/2011,20,58,18,Central,MO,Tea,Earl Grey,Regular
9/23/2011,21,97,3,Central,MO,Tea,Green Tea,Regular
9/9/2011,22,84,40,Central,MO,Espresso,Decaf Espresso,Decaf
9/4/2011,23,160,37,Central,MO,Coffee,Columbian,Regular
9/16/2011,0,145,50,Central,MO,Coffee,Decaf Irish Cream,Decaf
9/12/2011,1,115,61,Central,MO,Espresso,Caffe Mocha,Regular
9/30/2011,2,53,21,Central,OH,Herbal Tea,Chamomile,Decaf
9/9/2011,3,77,34,Central,OH,Herbal Tea,Lemon,Decaf
9/18/2011,4,265,129,Central,OH,Tea,Darjeeling,Regular
9/18/2011,5,245,120,Central,OH,Tea,Earl Grey,Regular
9/19/2011,6,109,9,Central,OH,Espresso,Decaf Espresso,Decaf
9/17/2011,7,133,42,Central,OH,Coffee,Amaretto,Regular
9/9/2011,8,114,43,Central,OH,Coffee,Columbian,Regular
9/5/2011,9,134,4,Central,OH,Coffee,Decaf Irish Cream,Decaf
9/22/2011,10,330,129,Central,OH,Espresso,Caffe Mocha,Regular
9/2/2011,11,161,79,Central,WI,Herbal Tea,Chamomile,Decaf
9/25/2011,12,134,74,Central,WI,Herbal Tea,Lemon,Decaf
9/13/2011,13,120,46,Central,WI,Tea,Darjeeling,Regular
9/25/2011,14,159,3,Central,WI,Tea,Earl Grey,Regular
9/30/2011,15,81,31,Central,WI,Espresso,Decaf Espresso,Decaf
9/13/2011,16,159,34,Central,WI,Coffee,Amaretto,Regular
9/2/2011,17,238,24,Central,WI,Coffee,Columbian,Regular
9/24/2011,18,212,86,Central,WI,Coffee,Decaf Irish Cream,Decaf
9/19/2011,19,194,79,Central,WI,Espresso,Caffe Mocha,Regular
9/16/2011,20,160,36,East,CT,Herbal Tea,Lemon,Decaf
9/18/2011,21,145,49,East,CT,Herbal Tea,Mint,Decaf
9/10/2011,22,115,61,East,CT,Tea,Darjeeling,Regular
9/23/2011,23,61,25,East,CT,Tea,Green Tea,Regular
9/11/2011,0,159,3,East,CT,Espresso,Caffe Mocha,Regular
9/27/2011,1,120,34,East,CT,Espresso,Decaf Espresso,Decaf
9/11/2011,2,275,135,East,CT,Coffee,Columbian,Regular
9/24/2011,3,81,31,East,FL,Herbal Tea,Chamomile,Decaf
9/25/2011,4,159,36,East,FL,Herbal Tea,Lemon,Decaf
9/2/2011,5,194,79,East,FL,Herbal Tea,Mint,Decaf
9/13/2011,6,93,47,East,FL,Tea,Darjeeling,Regular
9/29/2011,6,134,73,East,FL,Tea,Green Tea,Regular
9/13/2011,7,238,25,East,FL,Espresso,Caffe Mocha,Regular
9/10/2011,8,212,86,East,FL,Espresso,Decaf Espresso,Decaf
9/20/2011,9,265,128,East,FL,Coffee,Columbian,Regular
9/26/2011,10,245,120,East,FL,Coffee,Decaf Irish Cream,Decaf
9/24/2011,11,109,9,East,MA,Herbal Tea,Lemon,Decaf
9/17/2011,12,77,34,East,MA,Tea,Darjeeling,Regular
9/23/2011,13,53,19,East,MA,Tea,Green Tea,Regular
9/23/2011,14,104,46,East,MA,Espresso,Caffe Mocha,Regular
9/14/2011,15,330,129,East,MA,Espresso,Regular Espresso,Regular
9/26/2011,16,614,690,East,MA,Coffee,Columbian,Regular
9/15/2011,17,97,3,East,NH,Herbal Tea,Lemon,Decaf
9/29/2011,18,51,18,East,NH,Tea,Darjeeling,Regular
9/24/2011,19,46,46,East,NH,Tea,Green Tea,Regular
9/4/2011,21,113,10,East,NH,Espresso,Caffe Mocha,Regular
9/8/2011,22,58,18,East,NH,Espresso,Regular Espresso,Regular
9/4/2011,23,128,49,East,NH,Coffee,Amaretto,Regular
9/17/2011,0,148,50,East,NH,Coffee,Columbian,Regular
9/2/2011,1,577,137,East,NY,Herbal Tea,Lemon,Decaf
9/15/2011,2,119,353,East,NY,Herbal Tea,Mint,Decaf
9/30/2011,3,261,157,East,NY,Tea,Darjeeling,Regular
9/21/2011,4,322,197,East,NY,Tea,Earl Grey,Regular
9/27/2011,5,212,125,East,NY,Tea,Green Tea,Regular
9/15/2011,6,72,292,East,NY,Espresso,Caffe Mocha,Regular
9/9/2011,7,604,332,East,NY,Espresso,Regular Espresso,Regular
9/6/2011,8,842,463,East,NY,Coffee,Columbian,Regular
9/29/2011,9,169,82,South,LA,Herbal Tea,Chamomile,Decaf
9/23/2011,10,160,37,South,LA,Herbal Tea,Lemon,Decaf
9/29/2011,11,127,68,South,LA,Coffee,Columbian,Regular
9/21/2011,12,134,74,South,LA,Coffee,Decaf Irish Cream,Decaf
9/6/2011,13,159,3,South,LA,Espresso,Caffe Latte,Regular
9/9/2011,14,161,79,South,LA,Espresso,Caffe Mocha,Regular
9/2/2011,15,120,46,South,LA,Espresso,Decaf Espresso,Decaf
9/2/2011,16,51,19,South,NM,Herbal Tea,Chamomile,Decaf
9/9/2011,17,77,12,South,NM,Herbal Tea,Lemon,Decaf
9/6/2011,18,148,50,South,NM,Coffee,Columbian,Regular
9/21/2011,19,123,65,South,NM,Coffee,Decaf Irish Cream,Decaf
9/28/2011,20,58,18,South,NM,Espresso,Caffe Latte,Regular
9/11/2011,21,113,12,South,NM,Espresso,Caffe Mocha,Regular
9/4/2011,22,97,19,South,NM,Espresso,Decaf Espresso,Decaf
9/24/2011,23,159,36,South,OK,Herbal Tea,Chamomile,Decaf
9/15/2011,0,238,24,South,OK,Herbal Tea,Lemon,Decaf
9/21/2011,1,149,70,South,OK,Coffee,Columbian,Regular
9/21/2011,2,77,34,South,OK,Coffee,Decaf Irish Cream,Decaf
9/13/2011,3,245,122,South,OK,Espresso,Caffe Latte,Regular
9/20/2011,4,53,19,South,OK,Espresso,Caffe Mocha,Regular
9/20/2011,5,265,129,South,OK,Espresso,Decaf Espresso,Decaf
9/16/2011,6,133,40,South,TX,Herbal Tea,Chamomile,Decaf
9/6/2011,7,114,42,South,TX,Herbal Tea,Lemon,Decaf
9/16/2011,8,582,292,South,TX,Coffee,Columbian,Regular
9/23/2011,9,141,62,South,TX,Coffee,Decaf Irish Cream,Decaf
9/13/2011,10,160,58,South,TX,Espresso,Caffe Latte,Regular
9/23/2011,11,322,199,South,TX,Espresso,Caffe Mocha,Regular
9/21/2011,12,212,126,South,TX,Espresso,Decaf Espresso,Decaf
9/29/2011,13,113,10,West,UT,Tea,Darjeeling,Regular
9/10/2011,14,97,18,West,UT,Tea,Earl Grey,Regular
9/11/2011,15,58,19,West,UT,Tea,Green Tea,Regular
9/12/2011,16,128,50,West,UT,Herbal Tea,Chamomile,Decaf
9/1/2011,17,148,50,West,UT,Herbal Tea,Lemon,Decaf
9/20/2011,18,123,67,West,UT,Herbal Tea,Mint,Decaf
9/17/2011,19,145,49,West,UT,Coffee,Amaretto,Regular
9/11/2011,20,120,33,West,UT,Coffee,Columbian,Regular
9/13/2011,21,160,36,West,UT,Coffee,Decaf Irish Cream,Decaf
9/14/2011,22,84,40,West,UT,Espresso,Caffe Latte,Regular
9/10/2011,23,169,83,West,UT,Espresso,Caffe Mocha,Regular
9/7/2011,0,115,59,West,UT,Espresso,Decaf Espresso,Decaf
9/4/2011,1,322,199,West,CA,Tea,Darjeeling,Regular
9/5/2011,2,212,125,West,CA,Tea,Earl Grey,Regular
9/29/2011,3,160,58,West,CA,Tea,Green Tea,Regular
9/15/2011,4,261,156,West,CA,Herbal Tea,Chamomile,Decaf
9/23/2011,5,582,291,West,CA,Herbal Tea,Lemon,Decaf
9/10/2011,6,141,64,West,CA,Herbal Tea,Mint,Decaf
9/1/2011,7,116,110,West,CA,Coffee,Amaretto,Regular
9/19/2011,8,842,465,West,CA,Coffee,Columbian,Regular
9/11/2011,9,147,178,West,CA,Coffee,Decaf Irish Cream,Decaf
9/20/2011,10,531,232,West,CA,Espresso,Caffe Latte,Regular
9/26/2011,6,309,39,West,CA,Espresso,Caffe Mocha,Regular
9/4/2011,7,628,326,West,CA,Espresso,Decaf Espresso,Decaf
9/18/2011,8,628,328,West,NV,Tea,Darjeeling,Regular
9/18/2011,9,531,232,West,NV,Tea,Earl Grey,Regular
9/16/2011,10,20,638,West,NV,Tea,Green Tea,Regular
9/14/2011,11,309,39,West,NV,Herbal Tea,Chamomile,Decaf
9/30/2011,12,412,191,West,NV,Herbal Tea,Lemon,Decaf
9/6/2011,13,318,171,West,NV,Herbal Tea,Mint,Decaf
9/17/2011,14,97,3,West,NV,Coffee,Columbian,Regular
9/19/2011,15,77,10,West,NV,Coffee,Decaf Irish Cream,Decaf
9/1/2011,16,46,47,West,NV,Espresso,Caffe Latte,Regular
9/20/2011,17,51,18,West,NV,Espresso,Caffe Mocha,Regular
9/26/2011,18,62,25,West,NV,Espresso,Decaf Espresso,Decaf
9/12/2011,19,53,19,West,OR,Tea,Darjeeling,Regular
9/14/2011,1,265,129,West,OR,Tea,Earl Grey,Regular
9/3/2011,2,245,120,West,OR,Tea,Green Tea,Regular
9/18/2011,3,65,25,West,OR,Herbal Tea,Chamomile,Decaf
9/27/2011,4,149,70,West,OR,Herbal Tea,Lemon,Decaf
9/7/2011,5,134,4,West,OR,Coffee,Amaretto,Regular
9/3/2011,6,146,27,West,OR,Coffee,Columbian,Regular
9/6/2011,7,114,42,West,OR,Coffee,Decaf Irish Cream,Decaf
9/21/2011,8,109,9,West,OR,Espresso,Caffe Latte,Regular
9/22/2011,9,133,42,West,OR,Espresso,Caffe Mocha,Regular
9/19/2011,10,330,129,West,OR,Espresso,Decaf Espresso,Decaf
9/15/2011,11,161,80,West,WA,Tea,Darjeeling,Regular
9/10/2011,12,120,46,West,WA,Tea,Earl Grey,Regular
9/20/2011,13,159,3,West,WA,Tea,Green Tea,Regular
9/17/2011,14,275,135,West,WA,Herbal Tea,Chamomile,Decaf
9/20/2011,15,127,70,West,WA,Herbal Tea,Lemon,Decaf
9/4/2011,16,178,83,West,WA,Coffee,Columbian,Regular
9/21/2011,17,238,24,West,WA,Coffee,Decaf Irish Cream,Decaf
9/21/2011,18,81,31,West,WA,Espresso,Caffe Latte,Regular
9/28/2011,19,159,34,West,WA,Espresso,Caffe Mocha,Regular
9/25/2011,20,194,79,West,WA,Espresso,Decaf Espresso,Decaf
10/6/2011,21,343,137,Central,CO,Herbal Tea,Chamomile,Decaf
10/30/2011,22,130,7,Central,CO,Herbal Tea,Lemon,Decaf
10/7/2011,23,131,39,Central,CO,Herbal Tea,Mint,Decaf
10/7/2011,6,128,19,Central,CO,Tea,Darjeeling,Regular
10/1/2011,7,126,40,Central,CO,Tea,Earl Grey,Regular
10/10/2011,8,218,110,Central,CO,Tea,Green Tea,Regular
10/9/2011,9,199,117,Central,CO,Espresso,Caffe Mocha,Regular
10/19/2011,10,194,83,Central,CO,Espresso,Decaf Espresso,Decaf
10/13/2011,11,322,197,Central,CO,Coffee,Amaretto,Regular
10/6/2011,12,96,40,Central,CO,Coffee,Columbian,Regular
10/13/2011,13,282,172,Central,CO,Coffee,Decaf Irish Cream,Decaf
10/5/2011,14,322,197,Central,IL,Herbal Tea,Chamomile,Decaf
10/26/2011,15,96,40,Central,IL,Herbal Tea,Lemon,Decaf
10/5/2011,16,282,172,Central,IL,Herbal Tea,Mint,Decaf
10/22/2011,17,199,116,Central,IL,Tea,Darjeeling,Regular
10/24/2011,18,194,82,Central,IL,Tea,Earl Grey,Regular
10/1/2011,19,637,332,Central,IL,Espresso,Caffe Mocha,Regular
10/5/2011,14,509,221,Central,IL,Espresso,Decaf Espresso,Decaf
10/1/2011,15,391,178,Central,IL,Coffee,Columbian,Regular
10/26/2011,16,318,171,Central,IL,Coffee,Decaf Irish Cream,Decaf
10/2/2011,17,637,332,Central,IA,Herbal Tea,Chamomile,Decaf
10/21/2011,18,318,169,Central,IA,Herbal Tea,Lemon,Decaf
10/15/2011,19,509,221,Central,IA,Tea,Darjeeling,Regular
10/25/2011,20,604,272,Central,IA,Tea,Earl Grey,Regular
10/12/2011,21,62,27,Central,IA,Espresso,Caffe Mocha,Regular
10/1/2011,22,46,46,Central,IA,Espresso,Decaf Espresso,Decaf
10/7/2011,23,55,22,Central,IA,Coffee,Amaretto,Regular
10/23/2011,0,72,10,Central,IA,Coffee,Columbian,Regular
10/18/2011,1,25,3,Central,IA,Coffee,Decaf Irish Cream,Decaf
10/27/2011,2,116,9,Central,MO,Herbal Tea,Chamomile,Decaf
10/23/2011,3,116,39,Central,MO,Herbal Tea,Lemon,Decaf
10/4/2011,4,98,19,Central,MO,Tea,Darjeeling,Regular
10/31/2011,5,60,16,Central,MO,Tea,Earl Grey,Regular
10/23/2011,6,82,4,Central,MO,Tea,Green Tea,Regular
10/1/2011,7,106,53,Central,MO,Espresso,Caffe Mocha,Regular
10/22/2011,8,84,42,Central,MO,Espresso,Decaf Espresso,Decaf
10/16/2011,9,189,52,Central,MO,Coffee,Columbian,Regular
10/2/2011,10,151,52,Central,MO,Coffee,Decaf Irish Cream,Decaf
10/4/2011,11,56,24,Central,OH,Herbal Tea,Chamomile,Decaf
10/3/2011,12,70,30,Central,OH,Herbal Tea,Lemon,Decaf
10/19/2011,13,218,96,Central,OH,Tea,Darjeeling,Regular
10/8/2011,6,232,113,Central,OH,Tea,Earl Grey,Regular
10/5/2011,7,343,137,Central,OH,Espresso,Caffe Mocha,Regular
10/17/2011,8,128,18,Central,OH,Espresso,Decaf Espresso,Decaf
10/29/2011,9,131,39,Central,OH,Coffee,Amaretto,Regular
10/20/2011,10,114,42,Central,OH,Coffee,Columbian,Regular
10/22/2011,11,130,7,Central,OH,Coffee,Decaf Irish Cream,Decaf
10/8/2011,12,169,85,Central,WI,Herbal Tea,Chamomile,Decaf
10/7/2011,13,126,67,Central,WI,Herbal Tea,Lemon,Decaf
10/2/2011,14,120,45,Central,WI,Tea,Darjeeling,Regular
10/21/2011,15,153,0,Central,WI,Tea,Earl Grey,Regular
10/16/2011,16,185,71,Central,WI,Espresso,Caffe Mocha,Regular
10/16/2011,17,54,15,Central,WI,Espresso,Decaf Espresso,Decaf
10/27/2011,18,134,22,Central,WI,Coffee,Amaretto,Regular
10/30/2011,19,245,27,Central,WI,Coffee,Columbian,Regular
10/24/2011,4,215,91,Central,WI,Coffee,Decaf Irish Cream,Decaf
10/8/2011,5,189,50,East,CT,Herbal Tea,Lemon,Decaf
10/21/2011,6,151,52,East,CT,Herbal Tea,Mint,Decaf
10/24/2011,7,106,53,East,CT,Tea,Darjeeling,Regular
10/19/2011,8,64,27,East,CT,Tea,Green Tea,Regular
10/26/2011,9,153,1,East,CT,Espresso,Caffe Mocha,Regular
10/29/2011,10,118,31,East,CT,Espresso,Decaf Espresso,Decaf
10/20/2011,11,334,171,East,CT,Coffee,Columbian,Regular
10/1/2011,12,54,15,East,FL,Herbal Tea,Chamomile,Decaf
10/6/2011,13,134,24,East,FL,Herbal Tea,Lemon,Decaf
10/1/2011,14,185,71,East,FL,Herbal Tea,Mint,Decaf
10/29/2011,15,100,52,East,FL,Tea,Darjeeling,Regular
10/16/2011,16,126,68,East,FL,Tea,Green Tea,Regular
10/25/2011,17,245,27,East,FL,Espresso,Caffe Mocha,Regular
10/15/2011,18,215,89,East,FL,Espresso,Decaf Espresso,Decaf
10/16/2011,19,218,95,East,FL,Coffee,Columbian,Regular
10/14/2011,20,232,113,East,FL,Coffee,Decaf Irish Cream,Decaf
10/28/2011,21,128,19,East,MA,Herbal Tea,Lemon,Decaf
10/28/2011,22,70,30,East,MA,Tea,Darjeeling,Regular
10/20/2011,23,56,22,East,MA,Tea,Green Tea,Regular
10/10/2011,0,124,16,East,MA,Espresso,Caffe Mocha,Regular
10/10/2011,1,343,137,East,MA,Espresso,Regular Espresso,Regular
10/8/2011,2,505,516,East,MA,Coffee,Columbian,Regular
10/22/2011,3,82,4,East,NH,Herbal Tea,Lemon,Decaf
10/25/2011,4,55,21,East,NH,Tea,Darjeeling,Regular
10/26/2011,5,46,47,East,NH,Tea,Green Tea,Regular
10/25/2011,6,116,10,East,NH,Espresso,Caffe Mocha,Regular
10/8/2011,7,60,18,East,NH,Espresso,Regular Espresso,Regular
10/25/2011,8,128,49,East,NH,Coffee,Amaretto,Regular
10/20/2011,9,121,36,East,NH,Coffee,Columbian,Regular
10/8/2011,10,547,191,East,NY,Herbal Tea,Lemon,Decaf
10/12/2011,11,175,252,East,NY,Herbal Tea,Mint,Decaf
10/15/2011,12,282,171,East,NY,Tea,Darjeeling,Regular
10/16/2011,13,322,199,East,NY,Tea,Earl Grey,Regular
10/17/2011,14,199,116,East,NY,Tea,Green Tea,Regular
10/11/2011,15,74,300,East,NY,Espresso,Caffe Mocha,Regular
10/10/2011,16,815,646,East,NY,Espresso,Regular Espresso,Regular
10/22/2011,17,693,367,East,NY,Coffee,Columbian,Regular
10/29/2011,18,251,129,South,LA,Herbal Tea,Chamomile,Decaf
10/19/2011,19,189,50,South,LA,Herbal Tea,Lemon,Decaf
10/19/2011,20,127,70,South,LA,Coffee,Columbian,Regular
10/23/2011,21,126,67,South,LA,Coffee,Decaf Irish Cream,Decaf
10/12/2011,22,153,1,South,LA,Espresso,Caffe Latte,Regular
10/15/2011,23,169,86,South,LA,Espresso,Caffe Mocha,Regular
10/16/2011,0,120,45,South,LA,Espresso,Decaf Espresso,Decaf
10/29/2011,1,55,21,South,NM,Herbal Tea,Chamomile,Decaf
10/14/2011,2,72,9,South,NM,Herbal Tea,Lemon,Decaf
10/20/2011,3,121,34,South,NM,Coffee,Columbian,Regular
10/15/2011,4,116,39,South,NM,Coffee,Decaf Irish Cream,Decaf
10/18/2011,5,60,18,South,NM,Espresso,Caffe Latte,Regular
10/2/2011,6,116,9,South,NM,Espresso,Caffe Mocha,Regular
10/25/2011,7,98,21,South,NM,Espresso,Decaf Espresso,Decaf
10/21/2011,8,134,24,South,OK,Herbal Tea,Chamomile,Decaf
10/7/2011,9,245,25,South,OK,Herbal Tea,Lemon,Decaf
10/1/2011,10,218,110,South,OK,Coffee,Columbian,Regular
10/24/2011,11,70,31,South,OK,Coffee,Decaf Irish Cream,Decaf
10/18/2011,12,232,113,South,OK,Espresso,Caffe Latte,Regular
10/21/2011,13,56,22,South,OK,Espresso,Caffe Mocha,Regular
10/20/2011,14,218,96,South,OK,Espresso,Decaf Espresso,Decaf
10/23/2011,15,131,39,South,TX,Herbal Tea,Chamomile,Decaf
10/28/2011,16,114,42,South,TX,Herbal Tea,Lemon,Decaf
10/21/2011,17,554,275,South,TX,Coffee,Columbian,Regular
10/4/2011,6,96,39,South,TX,Coffee,Decaf Irish Cream,Decaf
10/23/2011,7,194,82,South,TX,Espresso,Caffe Latte,Regular
10/14/2011,8,322,197,South,TX,Espresso,Caffe Mocha,Regular
10/20/2011,9,199,116,South,TX,Espresso,Decaf Espresso,Decaf
10/21/2011,10,116,9,West,UT,Tea,Darjeeling,Regular
10/22/2011,11,98,21,West,UT,Tea,Earl Grey,Regular
10/2/2011,12,60,18,West,UT,Tea,Green Tea,Regular
10/7/2011,13,128,49,West,UT,Herbal Tea,Chamomile,Decaf
10/6/2011,14,121,34,West,UT,Herbal Tea,Lemon,Decaf
10/29/2011,15,116,40,West,UT,Herbal Tea,Mint,Decaf
10/16/2011,16,251,129,West,UT,Espresso,Caffe Mocha,Regular
10/21/2011,17,106,55,West,UT,Espresso,Decaf Espresso,Decaf
10/21/2011,18,151,53,West,UT,Coffee,Amaretto,Regular
10/3/2011,19,118,33,West,UT,Coffee,Columbian,Regular
10/7/2011,17,189,50,West,UT,Coffee,Decaf Irish Cream,Decaf
10/9/2011,18,84,42,West,UT,Espresso,Caffe Latte,Regular
10/29/2011,19,322,199,West,CA,Tea,Darjeeling,Regular
10/8/2011,20,199,117,West,CA,Tea,Earl Grey,Regular
10/8/2011,21,194,83,West,CA,Tea,Green Tea,Regular
10/21/2011,22,282,171,West,CA,Herbal Tea,Chamomile,Decaf
10/21/2011,23,554,276,West,CA,Herbal Tea,Lemon,Decaf
10/22/2011,0,96,39,West,CA,Herbal Tea,Mint,Decaf
10/26/2011,1,318,40,West,CA,Espresso,Caffe Mocha,Regular
10/23/2011,2,637,334,West,CA,Espresso,Decaf Espresso,Decaf
10/1/2011,3,116,110,West,CA,Coffee,Amaretto,Regular
10/19/2011,4,693,367,West,CA,Coffee,Columbian,Regular
10/29/2011,5,139,174,West,CA,Coffee,Decaf Irish Cream,Decaf
10/3/2011,6,509,221,West,CA,Espresso,Caffe Latte,Regular
10/18/2011,7,637,332,West,NV,Tea,Darjeeling,Regular
10/29/2011,8,509,221,West,NV,Tea,Earl Grey,Regular
10/7/2011,9,22,539,West,NV,Tea,Green Tea,Regular
10/17/2011,10,318,39,West,NV,Herbal Tea,Chamomile,Decaf
10/4/2011,11,391,178,West,NV,Herbal Tea,Lemon,Decaf
10/24/2011,12,318,169,West,NV,Herbal Tea,Mint,Decaf
10/10/2011,13,55,21,West,NV,Espresso,Caffe Mocha,Regular
10/6/2011,6,62,25,West,NV,Espresso,Decaf Espresso,Decaf
10/31/2011,7,82,3,West,NV,Coffee,Columbian,Regular
10/23/2011,8,72,10,West,NV,Coffee,Decaf Irish Cream,Decaf
10/26/2011,9,46,47,West,NV,Espresso,Caffe Latte,Regular
10/22/2011,10,56,24,West,OR,Tea,Darjeeling,Regular
10/22/2011,11,218,95,West,OR,Tea,Earl Grey,Regular
10/17/2011,12,232,113,West,OR,Tea,Green Tea,Regular
10/6/2011,13,65,25,West,OR,Herbal Tea,Chamomile,Decaf
10/16/2011,14,218,108,West,OR,Herbal Tea,Lemon,Decaf
10/18/2011,15,128,18,West,OR,Espresso,Caffe Latte,Regular
10/26/2011,16,131,40,West,OR,Espresso,Caffe Mocha,Regular
10/7/2011,17,343,135,West,OR,Espresso,Decaf Espresso,Decaf
10/17/2011,18,130,7,West,OR,Coffee,Amaretto,Regular
10/26/2011,19,153,31,West,OR,Coffee,Columbian,Regular
10/12/2011,4,114,43,West,OR,Coffee,Decaf Irish Cream,Decaf
10/17/2011,5,169,85,West,WA,Tea,Darjeeling,Regular
10/23/2011,6,120,46,West,WA,Tea,Earl Grey,Regular
10/7/2011,7,153,0,West,WA,Tea,Green Tea,Regular
10/20/2011,8,334,171,West,WA,Herbal Tea,Chamomile,Decaf
10/1/2011,9,127,70,West,WA,Herbal Tea,Lemon,Decaf
10/16/2011,10,54,15,West,WA,Espresso,Caffe Latte,Regular
10/18/2011,11,134,24,West,WA,Espresso,Caffe Mocha,Regular
10/1/2011,12,185,71,West,WA,Espresso,Decaf Espresso,Decaf
10/28/2011,13,178,83,West,WA,Coffee,Columbian,Regular
10/26/2011,14,245,25,West,WA,Coffee,Decaf Irish Cream,Decaf
11/24/2011,15,387,159,Central,CO,Herbal Tea,Chamomile,Decaf
11/24/2011,16,133,6,Central,CO,Herbal Tea,Lemon,Decaf
11/12/2011,17,147,47,Central,CO,Herbal Tea,Mint,Decaf
11/5/2011,18,132,22,Central,CO,Tea,Darjeeling,Regular
11/11/2011,19,133,43,Central,CO,Tea,Earl Grey,Regular
11/20/2011,20,213,104,Central,CO,Tea,Green Tea,Regular
11/28/2011,21,131,71,Central,CO,Espresso,Caffe Mocha,Regular
11/3/2011,22,201,86,Central,CO,Espresso,Decaf Espresso,Decaf
11/23/2011,23,309,190,Central,CO,Coffee,Amaretto,Regular
11/2/2011,0,98,40,Central,CO,Coffee,Columbian,Regular
11/23/2011,1,211,125,Central,CO,Coffee,Decaf Irish Cream,Decaf
11/14/2011,2,309,188,Central,IL,Herbal Tea,Chamomile,Decaf
11/2/2011,3,98,40,Central,IL,Herbal Tea,Lemon,Decaf
11/26/2011,4,211,125,Central,IL,Herbal Tea,Mint,Decaf
11/5/2011,5,131,71,Central,IL,Tea,Darjeeling,Regular
11/4/2011,6,201,88,Central,IL,Tea,Earl Grey,Regular
11/9/2011,7,567,291,Central,IL,Espresso,Caffe Mocha,Regular
11/10/2011,8,451,191,Central,IL,Espresso,Decaf Espresso,Decaf
11/19/2011,9,439,206,Central,IL,Coffee,Columbian,Regular
11/21/2011,10,296,157,Central,IL,Coffee,Decaf Irish Cream,Decaf
11/30/2011,11,567,291,Central,IA,Herbal Tea,Chamomile,Decaf
11/30/2011,12,296,159,Central,IA,Herbal Tea,Lemon,Decaf
11/23/2011,13,451,191,Central,IA,Tea,Darjeeling,Regular
11/9/2011,14,581,257,Central,IA,Tea,Earl Grey,Regular
11/29/2011,15,60,24,Central,IA,Espresso,Caffe Mocha,Regular
11/13/2011,16,46,46,Central,IA,Espresso,Decaf Espresso,Decaf
11/7/2011,17,42,12,Central,IA,Coffee,Amaretto,Regular
11/19/2011,18,68,7,Central,IA,Coffee,Columbian,Regular
11/1/2011,19,25,4,Central,IA,Coffee,Decaf Irish Cream,Decaf
11/2/2011,20,113,12,Central,MO,Herbal Tea,Chamomile,Decaf
11/6/2011,21,130,13,Central,MO,Herbal Tea,Lemon,Decaf
11/7/2011,22,87,13,Central,MO,Tea,Darjeeling,Regular
11/22/2011,23,81,4,Central,MO,Tea,Earl Grey,Regular
11/14/2011,0,79,6,Central,MO,Tea,Green Tea,Regular
11/26/2011,1,141,76,Central,MO,Espresso,Caffe Mocha,Regular
11/12/2011,2,86,40,Central,MO,Espresso,Decaf Espresso,Decaf
11/26/2011,3,196,56,Central,MO,Coffee,Columbian,Regular
11/23/2011,4,160,56,Central,MO,Coffee,Decaf Irish Cream,Decaf
11/18/2011,5,85,43,Central,OH,Herbal Tea,Chamomile,Decaf
11/5/2011,6,94,45,Central,OH,Herbal Tea,Lemon,Decaf
11/16/2011,7,210,92,Central,OH,Tea,Darjeeling,Regular
11/14/2011,8,261,132,Central,OH,Tea,Earl Grey,Regular
11/12/2011,9,387,159,Central,OH,Espresso,Caffe Mocha,Regular
11/3/2011,10,132,24,Central,OH,Espresso,Decaf Espresso,Decaf
11/8/2011,11,147,49,Central,OH,Coffee,Amaretto,Regular
11/11/2011,12,121,47,Central,OH,Coffee,Columbian,Regular
11/12/2011,13,133,4,Central,OH,Coffee,Decaf Irish Cream,Decaf
11/5/2011,14,150,71,Central,WI,Herbal Tea,Chamomile,Decaf
11/10/2011,15,83,40,Central,WI,Herbal Tea,Lemon,Decaf
11/9/2011,16,128,49,Central,WI,Tea,Darjeeling,Regular
11/25/2011,17,157,3,Central,WI,Tea,Earl Grey,Regular
11/11/2011,18,175,67,Central,WI,Espresso,Caffe Mocha,Regular
11/27/2011,19,55,16,Central,WI,Espresso,Decaf Espresso,Decaf
11/9/2011,20,129,21,Central,WI,Coffee,Amaretto,Regular
11/24/2011,21,239,24,Central,WI,Coffee,Columbian,Regular
11/19/2011,22,192,76,Central,WI,Coffee,Decaf Irish Cream,Decaf
11/1/2011,23,196,56,East,CT,Herbal Tea,Lemon,Decaf
11/22/2011,0,160,56,East,CT,Herbal Tea,Mint,Decaf
11/1/2011,1,141,76,East,CT,Tea,Darjeeling,Regular
11/21/2011,2,96,49,East,CT,Tea,Green Tea,Regular
11/27/2011,3,157,3,East,CT,Espresso,Caffe Mocha,Regular
11/13/2011,4,132,39,East,CT,Espresso,Decaf Espresso,Decaf
11/19/2011,5,346,181,East,CT,Coffee,Columbian,Regular
11/18/2011,6,55,16,East,FL,Herbal Tea,Chamomile,Decaf
11/7/2011,7,129,19,East,FL,Herbal Tea,Lemon,Decaf
11/24/2011,8,175,65,East,FL,Herbal Tea,Mint,Decaf
11/9/2011,9,75,34,East,FL,Tea,Darjeeling,Regular
11/28/2011,10,83,42,East,FL,Tea,Green Tea,Regular
11/9/2011,11,239,22,East,FL,Espresso,Caffe Mocha,Regular
11/17/2011,12,192,76,East,FL,Espresso,Decaf Espresso,Decaf
11/11/2011,13,210,93,East,FL,Coffee,Columbian,Regular
11/8/2011,14,261,132,East,FL,Coffee,Decaf Irish Cream,Decaf
11/17/2011,15,132,22,East,MA,Herbal Tea,Lemon,Decaf
11/4/2011,16,94,46,East,MA,Tea,Darjeeling,Regular
11/5/2011,17,85,43,East,MA,Tea,Green Tea,Regular
11/3/2011,18,128,12,East,MA,Espresso,Caffe Mocha,Regular
11/10/2011,19,387,160,East,MA,Espresso,Regular Espresso,Regular
11/25/2011,20,484,481,East,MA,Coffee,Columbian,Regular
11/16/2011,21,79,6,East,NH,Herbal Tea,Lemon,Decaf
11/26/2011,22,42,12,East,NH,Tea,Darjeeling,Regular
11/30/2011,23,46,47,East,NH,Tea,Green Tea,Regular
11/10/2011,0,113,12,East,NH,Espresso,Caffe Mocha,Regular
11/7/2011,1,81,4,East,NH,Espresso,Regular Espresso,Regular
11/16/2011,2,120,45,East,NH,Coffee,Amaretto,Regular
11/11/2011,3,116,30,East,NH,Coffee,Columbian,Regular
11/26/2011,4,614,303,East,NY,Herbal Tea,Lemon,Decaf
11/8/2011,5,171,232,East,NY,Herbal Tea,Mint,Decaf
11/26/2011,6,211,125,East,NY,Tea,Darjeeling,Regular
11/18/2011,7,309,188,East,NY,Tea,Earl Grey,Regular
11/22/2011,8,131,70,East,NY,Tea,Green Tea,Regular
11/11/2011,9,65,300,East,NY,Espresso,Caffe Mocha,Regular
11/1/2011,10,719,565,East,NY,Espresso,Regular Espresso,Regular
11/6/2011,11,664,350,East,NY,Coffee,Columbian,Regular
11/16/2011,12,246,126,South,LA,Herbal Tea,Chamomile,Decaf
11/1/2011,13,196,56,South,LA,Herbal Tea,Lemon,Decaf
11/17/2011,14,123,65,South,LA,Coffee,Columbian,Regular
11/9/2011,15,83,42,South,LA,Coffee,Decaf Irish Cream,Decaf
11/21/2011,16,157,1,South,LA,Espresso,Caffe Latte,Regular
11/27/2011,17,150,73,South,LA,Espresso,Caffe Mocha,Regular
11/1/2011,18,128,50,South,LA,Espresso,Decaf Espresso,Decaf
11/11/2011,19,42,13,South,NM,Herbal Tea,Chamomile,Decaf
11/13/2011,20,68,7,South,NM,Herbal Tea,Lemon,Decaf
11/3/2011,21,116,30,South,NM,Coffee,Columbian,Regular
11/3/2011,22,130,12,South,NM,Coffee,Decaf Irish Cream,Decaf
11/3/2011,23,81,6,South,NM,Espresso,Caffe Latte,Regular
11/28/2011,0,113,10,South,NM,Espresso,Caffe Mocha,Regular
11/30/2011,1,87,12,South,NM,Espresso,Decaf Espresso,Decaf
11/12/2011,2,129,19,South,OK,Herbal Tea,Chamomile,Decaf
11/10/2011,3,239,22,South,OK,Herbal Tea,Lemon,Decaf
11/17/2011,4,213,105,South,OK,Coffee,Columbian,Regular
11/24/2011,5,94,45,South,OK,Coffee,Decaf Irish Cream,Decaf
11/24/2011,6,261,132,South,OK,Espresso,Caffe Latte,Regular
11/26/2011,7,85,43,South,OK,Espresso,Caffe Mocha,Regular
11/24/2011,8,210,92,South,OK,Espresso,Decaf Espresso,Decaf
11/1/2011,9,147,47,South,TX,Herbal Tea,Chamomile,Decaf
11/28/2011,10,121,46,South,TX,Herbal Tea,Lemon,Decaf
11/1/2011,11,522,258,South,TX,Coffee,Columbian,Regular
11/1/2011,12,98,39,South,TX,Coffee,Decaf Irish Cream,Decaf
11/22/2011,13,201,88,South,TX,Espresso,Caffe Latte,Regular
11/17/2011,14,309,188,South,TX,Espresso,Caffe Mocha,Regular
11/16/2011,15,131,71,South,TX,Espresso,Decaf Espresso,Decaf
11/16/2011,16,113,10,West,UT,Tea,Darjeeling,Regular
11/2/2011,17,87,13,West,UT,Tea,Earl Grey,Regular
11/7/2011,18,81,4,West,UT,Tea,Green Tea,Regular
11/4/2011,19,120,45,West,UT,Herbal Tea,Chamomile,Decaf
11/30/2011,20,116,30,West,UT,Herbal Tea,Lemon,Decaf
11/3/2011,21,130,12,West,UT,Herbal Tea,Mint,Decaf
11/2/2011,22,246,126,West,UT,Espresso,Caffe Mocha,Regular
11/20/2011,23,141,77,West,UT,Espresso,Decaf Espresso,Decaf
11/11/2011,0,160,58,West,UT,Coffee,Amaretto,Regular
11/4/2011,1,132,40,West,UT,Coffee,Columbian,Regular
11/20/2011,2,196,56,West,UT,Coffee,Decaf Irish Cream,Decaf
11/23/2011,3,86,40,West,UT,Espresso,Caffe Latte,Regular
11/25/2011,4,309,190,West,CA,Tea,Darjeeling,Regular
11/9/2011,5,131,70,West,CA,Tea,Earl Grey,Regular
11/14/2011,6,201,88,West,CA,Tea,Green Tea,Regular
11/13/2011,7,211,125,West,CA,Herbal Tea,Chamomile,Decaf
11/19/2011,8,522,258,West,CA,Herbal Tea,Lemon,Decaf
11/24/2011,9,98,40,West,CA,Herbal Tea,Mint,Decaf
11/29/2011,10,308,39,West,CA,Espresso,Caffe Mocha,Regular
11/4/2011,11,567,292,West,CA,Espresso,Decaf Espresso,Decaf
11/8/2011,12,124,83,West,CA,Coffee,Amaretto,Regular
11/12/2011,13,664,349,West,CA,Coffee,Columbian,Regular
11/30/2011,14,156,188,West,CA,Coffee,Decaf Irish Cream,Decaf
11/11/2011,15,451,191,West,CA,Espresso,Caffe Latte,Regular
11/27/2011,16,567,291,West,NV,Tea,Darjeeling,Regular
11/8/2011,17,451,190,West,NV,Tea,Earl Grey,Regular
11/7/2011,18,34,505,West,NV,Tea,Green Tea,Regular
11/30/2011,19,308,39,West,NV,Herbal Tea,Chamomile,Decaf
11/29/2011,20,439,205,West,NV,Herbal Tea,Lemon,Decaf
11/20/2011,21,296,159,West,NV,Herbal Tea,Mint,Decaf
11/16/2011,22,46,46,West,NV,Espresso,Caffe Latte,Regular
11/11/2011,23,42,13,West,NV,Espresso,Caffe Mocha,Regular
11/24/2011,0,60,25,West,NV,Espresso,Decaf Espresso,Decaf
11/24/2011,1,79,6,West,NV,Coffee,Columbian,Regular
11/1/2011,2,68,7,West,NV,Coffee,Decaf Irish Cream,Decaf
11/2/2011,3,85,42,West,OR,Tea,Darjeeling,Regular
11/10/2011,4,210,92,West,OR,Tea,Earl Grey,Regular
11/24/2011,5,261,132,West,OR,Tea,Green Tea,Regular
11/19/2011,6,67,28,West,OR,Herbal Tea,Chamomile,Decaf
11/30/2011,7,213,104,West,OR,Herbal Tea,Lemon,Decaf
11/5/2011,8,132,24,West,OR,Espresso,Caffe Latte,Regular
11/19/2011,9,147,49,West,OR,Espresso,Caffe Mocha,Regular
11/10/2011,10,387,160,West,OR,Espresso,Decaf Espresso,Decaf
11/3/2011,11,133,6,West,OR,Coffee,Amaretto,Regular
11/27/2011,12,136,21,West,OR,Coffee,Columbian,Regular
11/18/2011,13,121,47,West,OR,Coffee,Decaf Irish Cream,Decaf
11/10/2011,14,150,73,West,WA,Tea,Darjeeling,Regular
11/6/2011,15,128,50,West,WA,Tea,Earl Grey,Regular
11/11/2011,16,157,1,West,WA,Tea,Green Tea,Regular
11/3/2011,17,346,181,West,WA,Herbal Tea,Chamomile,Decaf
11/20/2011,18,123,65,West,WA,Herbal Tea,Lemon,Decaf
11/8/2011,19,55,16,West,WA,Espresso,Caffe Latte,Regular
11/23/2011,20,129,19,West,WA,Espresso,Caffe Mocha,Regular
11/9/2011,21,175,67,West,WA,Espresso,Decaf Espresso,Decaf
11/13/2011,22,166,74,West,WA,Coffee,Columbian,Regular
11/2/2011,23,239,24,West,WA,Coffee,Decaf Irish Cream,Decaf
12/1/2011,0,326,129,Central,CO,Herbal Tea,Chamomile,Decaf
12/6/2011,1,119,9,Central,CO,Herbal Tea,Lemon,Decaf
12/9/2011,2,135,43,Central,CO,Herbal Tea,Mint,Decaf
12/3/2011,3,110,9,Central,CO,Tea,Darjeeling,Regular
12/11/2011,4,124,39,Central,CO,Tea,Earl Grey,Regular
12/2/2011,5,197,98,Central,CO,Tea,Green Tea,Regular
12/4/2011,6,142,79,Central,CO,Espresso,Caffe Mocha,Regular
12/3/2011,7,179,70,Central,CO,Espresso,Decaf Espresso,Decaf
12/29/2011,8,322,199,Central,CO,Coffee,Amaretto,Regular
12/10/2011,9,106,43,Central,CO,Coffee,Columbian,Regular
12/19/2011,10,224,131,Central,CO,Coffee,Decaf Irish Cream,Decaf
12/12/2011,11,322,197,Central,IL,Herbal Tea,Chamomile,Decaf
12/30/2011,12,106,43,Central,IL,Herbal Tea,Lemon,Decaf
12/24/2011,13,224,131,Central,IL,Herbal Tea,Mint,Decaf
12/28/2011,14,142,79,Central,IL,Tea,Darjeeling,Regular
12/19/2011,15,179,70,Central,IL,Tea,Earl Grey,Regular
12/22/2011,16,614,321,Central,IL,Espresso,Caffe Mocha,Regular
12/13/2011,17,534,233,Central,IL,Espresso,Decaf Espresso,Decaf
12/7/2011,18,569,288,Central,IL,Coffee,Columbian,Regular
12/5/2011,19,332,181,Central,IL,Coffee,Decaf Irish Cream,Decaf
12/6/2011,20,614,321,Central,IA,Herbal Tea,Chamomile,Decaf
12/30/2011,21,332,183,Central,IA,Herbal Tea,Lemon,Decaf
12/2/2011,22,534,232,Central,IA,Tea,Darjeeling,Regular
12/28/2011,23,697,321,Central,IA,Tea,Earl Grey,Regular
12/17/2011,0,62,25,Central,IA,Espresso,Caffe Mocha,Regular
12/26/2011,1,46,47,Central,IA,Espresso,Decaf Espresso,Decaf
12/14/2011,2,44,15,Central,IA,Coffee,Amaretto,Regular
12/11/2011,3,74,12,Central,IA,Coffee,Columbian,Regular
12/24/2011,4,26,1,Central,IA,Coffee,Decaf Irish Cream,Decaf
12/12/2011,5,126,7,Central,MO,Herbal Tea,Chamomile,Decaf
12/18/2011,6,171,24,Central,MO,Herbal Tea,Lemon,Decaf
12/28/2011,7,95,16,Central,MO,Tea,Darjeeling,Regular
12/27/2011,8,48,24,Central,MO,Tea,Earl Grey,Regular
12/8/2011,9,94,3,Central,MO,Tea,Green Tea,Regular
12/14/2011,10,131,71,Central,MO,Espresso,Caffe Mocha,Regular
12/26/2011,11,82,40,Central,MO,Espresso,Decaf Espresso,Decaf
12/5/2011,12,163,39,Central,MO,Coffee,Columbian,Regular
12/24/2011,13,148,53,Central,MO,Coffee,Decaf Irish Cream,Decaf
12/28/2011,14,78,37,Central,OH,Herbal Tea,Chamomile,Decaf
12/16/2011,15,87,43,Central,OH,Herbal Tea,Lemon,Decaf
12/18/2011,16,236,107,Central,OH,Tea,Darjeeling,Regular
12/27/2011,17,341,180,Central,OH,Tea,Earl Grey,Regular
12/31/2011,18,326,129,Central,OH,Espresso,Caffe Mocha,Regular
12/25/2011,19,110,9,Central,OH,Espresso,Decaf Espresso,Decaf
12/11/2011,20,135,43,Central,OH,Coffee,Amaretto,Regular
12/16/2011,21,108,36,Central,OH,Coffee,Columbian,Regular
12/8/2011,22,119,9,Central,OH,Coffee,Decaf Irish Cream,Decaf
12/16/2011,23,114,45,Central,WI,Herbal Tea,Chamomile,Decaf
12/3/2011,0,91,45,Central,WI,Herbal Tea,Lemon,Decaf
12/2/2011,1,113,42,Central,WI,Tea,Darjeeling,Regular
12/20/2011,2,140,4,Central,WI,Tea,Earl Grey,Regular
12/20/2011,3,188,74,Central,WI,Espresso,Caffe Mocha,Regular
12/3/2011,4,60,19,Central,WI,Espresso,Decaf Espresso,Decaf
12/19/2011,5,155,33,Central,WI,Coffee,Amaretto,Regular
12/17/2011,6,266,30,Central,WI,Coffee,Columbian,Regular
12/27/2011,7,208,85,Central,WI,Coffee,Decaf Irish Cream,Decaf
12/20/2011,8,163,40,East,CT,Herbal Tea,Lemon,Decaf
12/9/2011,9,148,53,East,CT,Herbal Tea,Mint,Decaf
12/4/2011,10,131,70,East,CT,Tea,Darjeeling,Regular
12/2/2011,11,87,42,East,CT,Tea,Green Tea,Regular
12/20/2011,12,140,3,East,CT,Espresso,Caffe Mocha,Regular
12/22/2011,13,121,31,East,CT,Espresso,Decaf Espresso,Decaf
12/9/2011,14,308,156,East,CT,Coffee,Columbian,Regular
12/14/2011,15,60,18,East,FL,Herbal Tea,Chamomile,Decaf
12/12/2011,16,155,34,East,FL,Herbal Tea,Lemon,Decaf
12/3/2011,17,188,74,East,FL,Herbal Tea,Mint,Decaf
12/3/2011,18,80,39,East,FL,Tea,Darjeeling,Regular
12/4/2011,19,91,45,East,FL,Tea,Green Tea,Regular
12/22/2011,20,266,31,East,FL,Espresso,Caffe Mocha,Regular
12/7/2011,21,208,86,East,FL,Espresso,Decaf Espresso,Decaf
12/8/2011,22,236,108,East,FL,Coffee,Columbian,Regular
12/1/2011,23,341,181,East,FL,Coffee,Decaf Irish Cream,Decaf
12/23/2011,0,110,10,East,MA,Herbal Tea,Lemon,Decaf
12/18/2011,1,87,43,East,MA,Tea,Darjeeling,Regular
12/18/2011,2,78,37,East,MA,Tea,Green Tea,Regular
12/24/2011,3,106,30,East,MA,Espresso,Caffe Mocha,Regular
12/26/2011,4,326,129,East,MA,Espresso,Regular Espresso,Regular
12/13/2011,5,543,579,East,MA,Coffee,Columbian,Regular
12/5/2011,6,94,3,East,NH,Herbal Tea,Lemon,Decaf
12/7/2011,7,44,15,East,NH,Tea,Darjeeling,Regular
12/23/2011,8,46,47,East,NH,Tea,Green Tea,Regular
12/21/2011,9,126,6,East,NH,Espresso,Caffe Mocha,Regular
12/2/2011,10,48,24,East,NH,Espresso,Regular Espresso,Regular
12/12/2011,11,135,55,East,NH,Coffee,Amaretto,Regular
12/16/2011,12,130,42,East,NH,Coffee,Columbian,Regular
12/24/2011,13,796,459,East,NY,Herbal Tea,Lemon,Decaf
12/5/2011,14,158,280,East,NY,Herbal Tea,Mint,Decaf
12/16/2011,15,224,132,East,NY,Tea,Darjeeling,Regular
12/3/2011,16,322,197,East,NY,Tea,Earl Grey,Regular
12/25/2011,17,142,77,East,NY,Tea,Green Tea,Regular
12/13/2011,18,70,332,East,NY,Espresso,Caffe Mocha,Regular
12/8/2011,19,700,463,East,NY,Espresso,Regular Espresso,Regular
12/3/2011,20,745,402,East,NY,Coffee,Columbian,Regular
12/3/2011,21,228,114,South,LA,Herbal Tea,Chamomile,Decaf
12/29/2011,22,163,39,South,LA,Herbal Tea,Lemon,Decaf
12/7/2011,23,128,68,South,LA,Coffee,Columbian,Regular
12/30/2011,0,91,46,South,LA,Coffee,Decaf Irish Cream,Decaf
12/11/2011,1,140,4,South,LA,Espresso,Caffe Latte,Regular
12/30/2011,2,114,46,South,LA,Espresso,Caffe Mocha,Regular
12/11/2011,3,113,40,South,LA,Espresso,Decaf Espresso,Decaf
12/2/2011,4,44,13,South,NM,Herbal Tea,Chamomile,Decaf
12/19/2011,5,74,10,South,NM,Herbal Tea,Lemon,Decaf
12/18/2011,6,130,40,South,NM,Coffee,Columbian,Regular
12/29/2011,7,171,24,South,NM,Coffee,Decaf Irish Cream,Decaf
12/7/2011,8,48,22,South,NM,Espresso,Caffe Latte,Regular
12/25/2011,9,126,7,South,NM,Espresso,Caffe Mocha,Regular
12/11/2011,10,95,18,South,NM,Espresso,Decaf Espresso,Decaf
12/31/2011,11,155,33,South,OK,Herbal Tea,Chamomile,Decaf
12/26/2011,12,266,30,South,OK,Herbal Tea,Lemon,Decaf
12/23/2011,13,197,98,South,OK,Coffee,Columbian,Regular
12/7/2011,14,87,42,South,OK,Coffee,Decaf Irish Cream,Decaf
12/1/2011,15,341,180,South,OK,Espresso,Caffe Latte,Regular
12/7/2011,16,78,36,South,OK,Espresso,Caffe Mocha,Regular
12/17/2011,17,236,107,South,OK,Espresso,Decaf Espresso,Decaf
12/4/2011,18,135,42,South,TX,Herbal Tea,Chamomile,Decaf
12/27/2011,19,108,36,South,TX,Herbal Tea,Lemon,Decaf
12/29/2011,20,559,279,South,TX,Coffee,Columbian,Regular
12/11/2011,21,106,45,South,TX,Coffee,Decaf Irish Cream,Decaf
12/15/2011,22,179,70,South,TX,Espresso,Caffe Latte,Regular
12/1/2011,23,322,197,South,TX,Espresso,Caffe Mocha,Regular
12/10/2011,0,142,77,South,TX,Espresso,Decaf Espresso,Decaf
12/16/2011,1,126,6,West,UT,Tea,Darjeeling,Regular
12/9/2011,2,95,18,West,UT,Tea,Earl Grey,Regular
12/22/2011,3,48,22,West,UT,Tea,Green Tea,Regular
12/29/2011,4,135,53,West,UT,Herbal Tea,Chamomile,Decaf
12/18/2011,5,130,42,West,UT,Herbal Tea,Lemon,Decaf
12/9/2011,6,171,25,West,UT,Herbal Tea,Mint,Decaf
12/29/2011,7,82,39,West,UT,Espresso,Caffe Latte,Regular
12/2/2011,8,228,114,West,UT,Espresso,Caffe Mocha,Regular
12/20/2011,9,131,70,West,UT,Espresso,Decaf Espresso,Decaf
12/30/2011,10,148,53,West,UT,Coffee,Amaretto,Regular
12/17/2011,11,121,31,West,UT,Coffee,Columbian,Regular
12/30/2011,12,163,39,West,UT,Coffee,Decaf Irish Cream,Decaf
12/9/2011,13,322,199,West,CA,Tea,Darjeeling,Regular
12/17/2011,14,142,79,West,CA,Tea,Earl Grey,Regular
12/29/2011,15,179,70,West,CA,Tea,Green Tea,Regular
12/7/2011,16,224,132,West,CA,Herbal Tea,Chamomile,Decaf
12/26/2011,17,559,279,West,CA,Herbal Tea,Lemon,Decaf
12/5/2011,18,106,43,West,CA,Herbal Tea,Mint,Decaf
12/14/2011,19,534,233,West,CA,Espresso,Caffe Latte,Regular
12/28/2011,20,343,46,West,CA,Espresso,Caffe Mocha,Regular
12/22/2011,21,614,321,West,CA,Espresso,Decaf Espresso,Decaf
12/16/2011,22,109,131,West,CA,Coffee,Amaretto,Regular
12/19/2011,23,745,402,West,CA,Coffee,Columbian,Regular
12/3/2011,0,205,221,West,CA,Coffee,Decaf Irish Cream,Decaf
12/8/2011,1,614,319,West,NV,Tea,Darjeeling,Regular
12/1/2011,2,534,233,West,NV,Tea,Earl Grey,Regular
12/27/2011,3,33,605,West,NV,Tea,Green Tea,Regular
12/1/2011,4,343,47,West,NV,Herbal Tea,Chamomile,Decaf
12/18/2011,5,569,288,West,NV,Herbal Tea,Lemon,Decaf
12/4/2011,6,332,181,West,NV,Herbal Tea,Mint,Decaf
12/19/2011,7,46,46,West,NV,Espresso,Caffe Latte,Regular
12/20/2011,8,44,15,West,NV,Espresso,Caffe Mocha,Regular
12/24/2011,9,62,25,West,NV,Espresso,Decaf Espresso,Decaf
12/10/2011,10,94,1,West,NV,Coffee,Columbian,Regular
12/29/2011,11,74,12,West,NV,Coffee,Decaf Irish Cream,Decaf
12/25/2011,12,78,37,West,OR,Tea,Darjeeling,Regular
12/4/2011,13,236,108,West,OR,Tea,Earl Grey,Regular
12/9/2011,14,341,180,West,OR,Tea,Green Tea,Regular
12/29/2011,15,64,28,West,OR,Herbal Tea,Chamomile,Decaf
12/4/2011,16,197,98,West,OR,Herbal Tea,Lemon,Decaf
12/25/2011,17,110,9,West,OR,Espresso,Caffe Latte,Regular
12/4/2011,18,135,42,West,OR,Espresso,Caffe Mocha,Regular
12/24/2011,19,326,129,West,OR,Espresso,Decaf Espresso,Decaf
12/21/2011,20,119,10,West,OR,Coffee,Amaretto,Regular
12/24/2011,21,104,1,West,OR,Coffee,Columbian,Regular
12/29/2011,22,108,37,West,OR,Coffee,Decaf Irish Cream,Decaf
12/6/2011,23,114,45,West,WA,Tea,Darjeeling,Regular
12/1/2011,0,113,42,West,WA,Tea,Earl Grey,Regular
12/26/2011,1,140,4,West,WA,Tea,Green Tea,Regular
12/15/2011,2,308,156,West,WA,Herbal Tea,Chamomile,Decaf
12/4/2011,3,128,68,West,WA,Herbal Tea,Lemon,Decaf
12/3/2011,4,60,19,West,WA,Espresso,Caffe Latte,Regular
12/4/2011,0,155,34,West,WA,Espresso,Caffe Mocha,Regular
12/6/2011,1,188,76,West,WA,Espresso,Decaf Espresso,Decaf
12/31/2011,2,188,86,West,WA,Coffee,Columbian,Regular
12/9/2011,3,266,30,West,WA,Coffee,Decaf Irish Cream,Decaf
